3452 5460
1280 447 1316 494 rr

207 537 284 632 Qut
309 533 461 639 primns-1
474 533 643 636 copricae
660 531 802 608 litteras
821 534 941 636 attigit
955 531 1156 610 Ktrcheros
1168 531 1318 610 talitro

157 656 387 736 Prndromas
415 657 552 756 Captus
576 655 714 730 Romae
747 651 842 726 1636
867 667 952 754 post
974 653 1089 726 multa
1117 653 1167 728 de
1189 653 1320 756 Captis

160 799 362 874 eorumque
388 772 541 848 coloniis
566 789 605 845 et
628 769 748 872 lingue
773 771 813 843 in
837 785 1065 844 antecessum
1090 768 1169 846 fuse
1199 771 1321 876 dispu-

163 908 258 988 tata,
284 887 430 964 tandem
450 886 643 991 aliquando
659 886 704 961 ad
719 888 860 986 liuguae
878 889 1126 964 institutiones
1143 889 1321 968 accedens

162 1010 260 1084 adeo:
276 1005 524 1111 perfunctorie
551 1006 629 1080 illas
655 1003 819 1100 tradidit,
837 1020 881 1078 ut
898 1008 995 1078 intra
1011 1031 1148 1108 paucas
1162 1009 1322 1112 pmellas

162 1131 367 1202 universam
402 1115 676 1227 grammaticam
706 1124 928 1198 concluserit
957 1148 1031 1198 uon
1063 1126 1142 1199 sine
1169 1127 1321 1203 mendis.

161 1245 301 1346 Nempe
328 1245 393 1346 qui
418 1245 458 1316 in
478 1239 757 1345 hieroglyphicis
776 1241 1060 1342 interpretandis
1081 1243 1187 1344 longe
1202 1246 1324 1348 copio-

162 1363 348 1438 sissimum
374 1385 412 1436 se
436 1359 611 1464 praebuit
627 1362 658 1434 is
676 1361 714 1434 in
728 1359 883 1460 Coptica
899 1358 1069 1434 idiomate
1087 1358 1323 1437 deformando

161 1481 282 1556 tenuis
307 1496 417 1580 atque
444 1494 615 1579 angustus
640 1477 737 1552 visus
764 1491 831 1552 est.
850 1478 946 1550 Eum
966 1494 1182 1554 consecutus
1200 1479 1323 1554 Blum-

161 1597 309 1698 bergine
328 1597 580 1671 Fundamenta
595 1601 743 1694 linguae
763 1598 935 1697 Coptieae
961 1596 1056 1698 1716
1074 1595 1251 1698 vulgavit3
1268 1615 1324 1691 at,

122 1772 123 1775 ,
161 1714 533 1804 iudiceLa-Croaio,
558 1719 719 1812 linguam
743 1715 1008 1814 Aegyptiarum
1032 1739 1135 1788 nemo
1160 1719 1245 1792 etde
1269 1721 1323 1792 lea

158 1837 533 1932 gereet‘intelligere
557 1833 689 1926 discet,
710 1857 755 1904 ne
780 1837 856 1933 ipse
881 1833 1022 1934 quadem
1046 1833 1323 1934 Blumbergius,

163 1977 275 2052 quem
297 1955 396 2026 illius
420 1955 565 2024 omnino
584 1975 661 2023 esse
683 1956 886 2051 imperitum
902 1949 993 2023 milti
1006 1968 1150 2056 constet
1166 1947 1218 2024 (ί).
1234 1954 1326 2027 Ter·

163 2071 254 2142 tiam
279 2069 549 2170 grammaticam
574 2083 760 2169 acceptam
781 2067 973 2143 referimus
988 2067 1163 2170 Raptaeti
1181 2069 1324 2165 Tukio,

164 2189 246 2260 viro
270 2187 414 2287 Copto,
440 2201 550 2286 atque
575 2187 746 2260 Arsinoes
778 2186 983 2287 Episcopo,
1017 2187 1083 2289 qni
1106 2188 1326 2264 flammata

164 2309 312 2402 Hagnae
332 2307 468 2406 Coptos
484 2310 557 2378 siae
572 2303 819 2406 Aegyptiacae
834 2304 971 2378 Romae
994 2309 1087 2408 1778
1105 2304 1218 2382 edidit
1234 2309 1326 2380 Ara·
1355 2321 1357 2328 “

166 2421 252 2495 hice
260 2479 272 2515 ,
298 2437 336 2495 et
352 2424 480 2495 Latine
490 2476 502 2513 ‚
514 2435 558 2493 ut
574 2423 780 2496 consuleret
793 2421 939 2495 utilitati
953 2421 1223 2498 adolescentum
1238 2447 1328 2520 suae

164 2541 350 2631 nationis,
375 2539 496 2642 quiin
514 2538 663 2640 collegio
683 2539 943 2641 Propagandae
958 2539 1065 2614 Fidei
1084 2540 1124 2616 in
1141 2541 1327 2618 Ecclesiae

47 2753 53 2764 ¹
92 2685 96 2690 ·
165 2683 270 2758 spem
290 2655 502 2730 alebantur.
534 2654 610 2729 Sed
626 2658 693 2730 nir
722 2658 895 2758 Copticae
926 2657 1093 2758 liturgiae
1117 2660 1327 2737 recitandae

165 2780 329 2851 asenetus
355 2775 550 2848 verborum
576 2789 718 2848 tanturn
742 2773 871 2848 faciem
889 2779 1051 2869 noverat,
1068 2801 1145 2849 non
1160 2779 1326 2851 intimam

158 2911 342 2969 naturam.
369 2895 463 2966 Hinc
490 2919 618 2994 graeca
644 2914 729 2966 curn
756 2893 909 2994 copticis
935 2891 1162 2968 contundens
1188 2921 1328 2968 summa

166 3011 353 3113 diligentia
370 3011 575 3084 illustrabat
590 3010 786 3112 particulas
805 3034 1076 3104 narnensem,
1094 3035 1196 3107 erre,
1209 3037 1327 3107 rore,

166 3151 318 3223 goren,
344 3131 445 3231 quasi
471 3144 592 3204 essent
616 3153 810 3230 germanae
836 3129 1060 3230 Aegyptiae3
1085 3155 1162 3206 non
1190 3131 1327 3205 ‘verbo-

165 3273 249 3322 rum
274 3247 440 3348 tempora
466 3245 592 3323 ordine
624 3245 789 3348 digerere
821 3247 964 3320 curavit
976 3274 987 3339 3
1023 3257 1101 3322 'non
1138 3251 1328 3325 nominum

166 3383 338 3440 naturam
363 3391 408 3437 ac*
429 3363 562 3438 formes
588 3367 754 3466 exposuit
772 3381 893 3459 recte3
917 3364 983 3439 sed
1001 3368 1175 3469 empirica
1193 3392 1330 3444 sermo-

166 3485 224 3558 nis
249 3483 330 3556 usui
353 3484 461 3557 unioe
486 3485 647 3557 intentu‘s
672 3481 889 3584 farraginem
915 3478 1113 3557 multorum
1138 3483 1327 3586 utriusque

166 3599 326 3675 foederis
348 3600 511 3674 locorum
537 3602 730 3702 congessit.
758 3603 877 3702 Atque
902 3601 1039 3675 utinam
1062 3608 1245 3674 accurate!
1264 3602 1341 3676 sed‘

169 3721 244 3794 suis
268 3717 409 3794 mendis
435 3720 620 3793 cumulans
645 3719 707 3792 illa
733 3719 941 3820 typothetae
967 3743 1029 3793 eos
1055 3732 1175 3793 textus
1196 3719 1331 3820 'vulga-1
1361 3746 1365 3752 ’

167 3839 245 3929 rit,
271 3835 407 3938 quibus
425 3853 576 3910 caveant
600 3854 749 3939 tyrones
770 3863 914 3911 coccam
933 3835 1043 3910 iidem
1061 3835 1245 3911 adhibere.
1260 3840 1333 3912 Ce-

168 3971 290 4028 terum
315 3953 518 4028 Orientales
545 3981 670 4030 omnes
695 3983 717 4030 a
737 3957 870 4058 quavis
894 3956 1047 4027 criticae
1060 3957 1191 4028 notitia
1210 3957 1335 4056 impe-'-

168 4073 369 4146 ratissimos
392 4097 460 4146 usu
485 4087 628 4146 tanturn
655 4076 819 4176 proprias
839 4073 981 4174 linguas
998 4072 1154 4166 callere,
1172 4071 1329 4147 std'lon·

169 4192 314 4292 gissime
340 4217 361 4262 a
385 4189 606 4294 ‚philologiae
632 4191 769 4267 iudicio
794 4192 953 4284 distare,
980 4193 1115 4266 scimus¹
1139 4217 1277 4267 omnes.
1332 4217 1335 4225 ⁴

214 4451 253 4528 (l)
274 4458 400 4511 Thesauri
418 4444 554 4527 Episloliei
570 4453 750 4520 decessioni
763 4467 827 4512 tom:
843 4453 882 4514 rit.
902 4477 926 4528 p.
945 4461 985 4513 et.
1080 4461 1086 4470 ’
