3452 5460
196 510 280 598 apte
295 492 491 586 stabiliret,
503 493 660 592 origines
684 491 919 602 patefaceret.
938 489 1011 566 Sed
1030 494 1093 595 qui
1116 493 1255 594 primus
1270 404 1358 598 ¹:⁵¹:

196 611 384 714 ampliatas
403 612 686 714 opes‘Copticae
697 605 842 712 linguae
855 612 1142 685 Grammaticam
1156 611 1265 686 trium
1281 611 1357 720 dia:

198 729 379 808 lectorum
404 728 560 832 vulgarit
585 729 765 803 Henricus
791 732 933 824 Tattam
953 727 1191 832 expectationi
1209 731 1356 806 omnino

198 847 319 922 defuit
343 846 398 920 (ί).Ι
408 851 501 924 Nam
526 873 657 922 vocum
675 847 808 922 formas
824 849 1063 946 numeravit(
1081 863 1189 948 atque
1214 850 1355 932 utinam

199 945 326 1040 omnes
340 972 348 1039 l
364 968 379 1064 )
398 993 472 1040 non
491 965 578 1040 vero
598 961 793 1057 iudicavit3
813 965 998 1066 analogiae
1019 964 1219 1039 doctrinam
1234 991 1354 1066 neque

198 1100 255 1186 est
279 1083 522 1185 suspicatus,
542 1083 678 1158 nedum
709 1083 825 1157 varias
855 1082 1054 1156 formarum
1085 1085 1223 1183 species
1252 1099 1354 1158 certo

198 1203 348 1276 rationis
382 1203 526 1277 vinculo
564 1217 820 1295 connecteret3
860 1200 1033 1274 nonnulla
1065 1227 1088 1272 a
1118 1199 1262 1302 linguae
1286 1226 1356 1276 usu

120 1351 124 1362 ·
196 1303 333 1394 reiecta
358 1317 541 1422 tamquam
557 1315 647 1394 ‘rata
671 1318 846 1412 tradidit,
872 1319 941 1392 alia
961 1343 1156 1420 perperam
1172 1319 1355 1412 tractavit,

196 1454 282 1512 sunt
308 1438 416 1513 etiam
443 1463 537 1539 quae
555 1439 689 1512 omisit.
708 1440 740 1511 A
756 1438 882 1510 critica
900 1435 1059 1510 Tattami
1077 1435 1263 1510 ieiunitate
1280 1435 1355 1510 lon·

196 1554 345 1656 gissime
367 1556 507 1630 distant
529 1555 814 1656 Champollionii
838 1554 1029 1628 elementa.
1048 1555 1159 1628 Suum
1185 1554 1224 1627 in
1251 1575 1355 1628 usum

197 1663 372 1774 coeperat
396 1673 467 1744 Vir
491 1673 538 1748 cl.
564 1673 708 1775 linguae
734 1673 835 1775 leges
860 1671 1093 1766 describere,
1128 1687 1207 1744 tum
1236 1673 1352 1746 iuter-

197 1790 297 1866 misit
320 1788 368 1865 ad
392 1791 627 1866 illustriorem
648 1789 808 1893 palmam
831 1789 1055 1866 contendeus
1070 1817 1081 1883 ;
1099 1817 1142 1862 ac
1158 1816 1242 1862 eum
1258 1805 1354 1864 esset

199 1907 245 1980 ab
271 1909 371 1982 omni
397 1907 527 1983 invidia
539 1963 552 2001 ,
578 1937 690 2012 quam
716 1911 780 2012 qui
803 1909 982 2002 maxime,
1009 1908 1145 1982 alicam
1165 1904 1353 1982 inchoatae

200 2027 456 2125 grammaticae
472 2027 584 2122 facile
610 2027 752 2128 copiam
777 2026 903 2100 amicis
913 2033 916 2042 ’
927 2025 1091 2100 faciebat
1108 2028 1201 2098 Eam
1218 2025 1353 2120 babent

198 2143 332 2237 multi,
358 2159 467 2246 atque
492 2143 618 2220 babuit
643 2144 863 2221 Rosellinius
888 2145 1094 2246 linguarum
1116 2143 1353 2218 Orientalium

198 2260 238 2333 in
262 2261 394 2336 Pisana
418 2261 612 2336 Academia
637 2261 835 2338 Professor.
861 2263 932 2336 Hic
948 2289 1035 2341 cum
1053 2262 1214 2364 linguam
1231 2261 1353 2363 Copti-

197 2367 275 2453 cain
302 2381 376 2454 suis
401 2379 626 2455 auditoribus
653 2381 889 2484 interpretari
912 2380 1026 2456 vellet
1042 2405 1175 2482 operae
1194 2378 1353 2482 pretium

196 2491 245 2572 se
259 2485 443 2573 facturum
469 2497 592 2594 duxit,
619 2500 650 2574 si
676 2500 782 2573 amici
806 2500 985 2576 elementa
1008 2498 1214 2589 breviaret,
1232 2496 1352 2598 iisque

196 2615 375 2688 nonnulla
398 2614 445 2689 de
471 2643 536 2692 suo
562 2614 721 2692 adderet.
750 2616 841 2692 Cum
872 2643 959 2690 vero
989 2616 1178 2692 Rosellinii
1208 2615 1351 2690 libellus

198 2733 467 2838 manuscriptus
492 2733 720 2808 circumferri
746 2737 941 2834 coepisset,
957 2762 999 2806 ac
1019 2737 1152 2808 Romae
1171 2735 1351 2807 innotuis·

200 2863 256 2922 set
281 2847 424 2921 Aloisio
441 2848 681 2948 Ungarellio',
706 2849 899 2926 confestim
923 2851 979 2922 rir
1004 2850 1130 2923 barum
1149 2849 1353 2924 litterarum

199 2964 457 3082 cupidissimus
479 2965 666 3041 intellexit
684 2993 770 3042 eum
794 2993 923 3069 magno
948 2968 1029 3042 usui
1055 2954 1151 3059 fore,
1169 2970 1199 3042 si
1216 2972 1254 3040 io
1273 2967 1353 3068 plu·
1390 3065 1394 3072 Ι

195 3084 377 3190 rimorum
388 3083 586 3158 utilitatem
599 3087 837 3188 erarlgaretur.
853 3083 1016 3158 Editioni
1032 3089 1186 3160 assensit
1204 3087 1350 3186 Pbanus
1389 3177 1391 3184 γ

196 3199 382 3292 Professor
410 3229 456 3276 ea
483 3218 607 3278 tamen
638 3203 869 3299 conditione,
908 3205 1196 3307 siUogarcllius
1231 3205 1349 3307 palam
1389 3299 1391 3306 Ι

197 3319 354 3393 lectores
367 3321 705 3416 commonefaceret,
721 3323 854 3422 librum
869 3324 1054 3396 maximam
1070 3339 1213 3424 partem
1223 3323 1351 3398 Cbam·

196 3437 371 3538 pollionio
396 3455 587 3540 acceptum
610 3467 690 3515 csse
716 3439 957 3516 referendum.
977 3439 1104 3516 Editor
1121 3440 1230 3516 fidem
1249 3439 1351 3514 dedit

195 3571 307 3656 atque
332 3555 370 3628 in
390 3557 612 3656 praefatione
633 3559 802 3634 liberavit
818 3562 901 3632 totis
923 3559 1053 3634 litteris
1069 3557 1351 3662 Cbatnpollionii
1388 3639 1391 3644 ¹

198 3697 333 3746 nomen
349 3673 575 3767 describens,
594 3676 704 3776 eique
722 3679 862 3750 auctori
874 3679 1148 3778 grammaticam
1168 3677 1349 3772 tribueus;
1389 3665 1393 3674 ¹

197 3789 252 3862 ita
272 3805 337 3883 ut,
361 3793 498 3894 siquis
524 3793 632 3868 Italos
661 3794 865 3894 duumviros
891 3795 1000 3896 plagii
1026 3795 1272 3885 incusaverit,
1292 3793 1351 3868 ille

144 3935 152 3948 ¹
195 3907 374 3984 dicendus
390 3910 439 3984 sit
451 3909 536 3984 libri
553 3887 815 4013 praefationem
826 3913 976 3986 minime
989 3911 1130 4010 legisse
1146 3911 1223 3986 Diti
1237 3940 1352 4014 gram·

226 4240 281 4312 (l)
297 4239 325 4294 A
337 4239 474 4312 Compendi
464 4261 520 4296 teus
537 4243 676 4299 Granum·
689 4246 772 4318 estle
783 4250 883 4319 Egypri
882 4268 916 4302 aa
930 4250 1065 4320 langueas,
1076 4269 1108 4302 aa
1118 4263 1202 4305 contat
1198 4254 1273 4306 ‘'aed
1262 4271 1291 4304 an
1302 4253 1331 4304 tlt
1322 4271 1345 4308 te

79 4313 82 4321 ⁴
116 4313 120 4322 ’
206 4323 295 4396 Captie
312 4325 365 4378 aad
380 4327 443 4380 Sal
440 4329 498 4380 'ade
502 4330 1177 4394 otatoenaimobservantmeauoessasmaria..
1190 4337 1244 4408 ty
1254 4338 1345 4407 fleury

82 4445 88 4456 .
208 4409 319 4463 Tamna
337 4412 442 4464 Lsudoa
460 4412 534 4466 Μ).
551 4413 591 4466 8!
