3452 5458
541 551 667 626 Tertia
692 550 866 626 Ρὶιιιτιῐιζσ.Ι

173 789 269 866 Tres
293 785 438 864 dialecti
463 789 723 885 consentiunt,
749 811 888 884 monor
912 794 1081 890 accipere
1105 811 1178 863 eos.

174 908 214 981 Si
237 904 354 980 forma
378 918 590 982 constructa
615 904 759 979 desinat
783 905 821 978 in
849 931 870 980 e
883 959 895 998 ‚
921 903 1010 979 haec
1035 904 1169 980 vocalis
1193 905 1280 979 reii-

119 1028 221 1100 citur
233 1081 246 1118 ,
271 1047 447 1116 nognor
471 1022 627 1098 liberare
652 1049 724 1100 eor.
752 1023 801 1101 At
824 1039 1018 1124 permanet
1048 1024 1087 1098 in
1112 1023 1154 1097 B.
1185 1049 1284 1099 neor

114 1169 263 1246 ponere
286 1168 348 1217 eos
376 1142 419 1242 Q.
437 1141 534 1233 233,
562 1157 690 1242 utpote
715 1138 895 1214 radicalis.

174 1260 316 1335 Ultima
341 1283 366 1337 o
384 1264 545 1358 mutatur
560 1255 801 1360 Memphitica
821 1260 858 1334 in
877 1283 927 1354 ω,
945 1281 1136 1337 omrwor
1151 1283 1283 1334 creare

119 1403 198 1454 eos.

175 1495 315 1572 Ultima
341 1519 368 1569 n
393 1496 604 1569 coalescens
629 1520 714 1568 oum
739 1493 864 1570 suffixo
889 1519 941 1574 or
966 1493 1029 1571 dat
1052 1519 1129 1591 err,
1159 1495 1212 1570 sic
1238 1495 1282 1573 T.

122 1638 253 1706 neor,
278 1616 327 1688 Μ.
353 1637 441 1702 xor
459 1638 602 1714 ponere
625 1639 698 1689 eos.

175 1730 362 1806 Thebaica
392 1730 503 1808 verba
533 1731 571 1804 in
602 1730 761 1823 or,'uti
791 1733 949 1807 r‘nnoor
978 1737 1142 1825 mittere,
1178 1755 1284 1807 zoor

121 1854 268 1925 mittere
280 1907 292 1944 ‚
318 1865 357 1923 et
380 1873 471 1941 ogni
497 1848 681 1943 seribere,
706 1865 788 1924 ante
810 1853 981 1924 suffixum
1008 1875 1059 1926 or
1081 1849 1286 1924 adsciscunt

122 1995 174 2061 c,
202 1993 315 2070 quare
340 1989 518 2048 zooroor
541 1971 682 2046 mittere
705 1992 794 2061 eos,
819 1991 986 2060 ogarcor
1009 1967 1169 2047 scribere
1192 1995 1248 2046 ea.

637 2205 831 2284 Mororum.

179 2437 312 2512 Finem
337 2436 603 2513 Grammatiroe
620 2437 793 2542 impono,
817 2439 907 2542 quin
924 2436 971 2514 do
989 2440 1137 2542 syntaxi
1156 2438 1286 2517 dicam.

124 2556 490 2662 Praeterquamquod
514 2558 613 2631 enim
630 2559 668 2630 in
685 2557 810 2659 lingua
826 2560 1064 2658 geometrica,
1083 2557 1289 2634 cuiusmodi

123 2676 318 2775 Copticam
343 2699 420 2749 esse
445 2673 620 2767 vidimus,
647 2701 713 2777 par
730 2691 786 2749 est
802 2676 985 2778 syntaxis,
1006 2700 1099 2776 quae
1121 2674 1288 2750 ordinem

122 2793 332 2866 naturalem
357 2795 539 2894 sequitur,
565 2817 686 2896 neque
704 2795 951 2869 inversionem
970 2792 1167 2867 verborum
1189 2793 1287 2894 pati-

125 2931 208 3004 tur3
236 2928 314 2984 tum
339 2910 370 2984 si
395 2909 484 3012 quid
511 2928 589 2986 erat
608 2911 860 2988 observatione
879 2909 1030 3014 dignum
1048 2911 1118 2984 iam
1138 2934 1287 3015 praeoc-

128 3031 262 3136 cupavi
275 3084 288 3124 ,
314 3055 356 3104 ae
380 3055 447 3132 pro
471 3055 512 3108 re
539 3047 624 3108 nata
649 3029 816 3132 superius
842 3028 1000 3136 exposui.
