3452 5460
437 417 484 464 xx

435 511 554 610 prima
581 508 812 602 sinceritate,
834 510 1046 584 Basmmica
1062 533 1151 584 vero
1171 525 1226 586 est
1244 508 1379 584 idioma
1397 509 1493 586 male
1512 499 1597 586 eon-

435 624 575 700 llatum.
589 651 632 702 ex
660 622 897 728 Memphitica
928 642 966 701 et
994 626 1178 702 Thebana.
1209 629 1332 722 Quare
1363 653 1451 702 cum
1479 632 1596 704 ceteri

434 740 609 846 philologi
637 743 826 847 hucusque
858 744 1117 820 constituerint
1146 736 1425 848 Memphiticum
1462 745 1598 821 idioma

436 861 550 936 velati
570 877 778 938 ceterorum
794 859 1089 957 fundamentum,
1107 864 1276 964 equidem
1294 864 1334 936 in
1349 865 1599 940 Grammatico

436 979 640 1081 principem
657 981 776 1054 locum
790 976 882 1054 ¹dedi
896 977 1080 1055 Tbebano.
1097 983 1202 1074 Quae
1216 1006 1301 1055 cum
1314 982 1364 1054 ita
1379 982 1469 1076 sint,
1483 982 1599 1055 miror

400 1085 402 1090 ¹
436 1096 483 1169 ab
508 1098 710 1198 Europaeis
733 1089 936 1198 philologis⁴
950 1096 1237 1199 frequentiorem
1269 1123 1419 1202 operam
1443 1101 1533 1200 poni
1548 1101 1598 1208 'in

436 1214 593 1290 textibus
616 1212 869 1317 Memphitiois
895 1213 1070 1312 edendis,
1096 1242 1206 1320 quam
1239 1217 1279 1291 in
1310 1211 1508 1312 Sahidicis3
1545 1219 1598 1290 ita

435 1333 652 1408 Psalterium
677 1331 813 1407 Ideleri
824 1369 847 1426 ,·
863 1349 901 1408 et
924 1331 1133 1436 Prophetae
1157 1335 1316 1409 minores
1333 1334 1490 1410 Tattami
1512 1352 1600 1410 sunt

434 1449 669 1553 Memphitica
695 1477 804 1525 merx.
831 1452 907 1525 Cur
932 1477 1017 1526 vero
1045 1452 1273 1528 Oxonienses
1298 1451 1403 1526 nobis
1430 1451 1600 1550 inrident

434 1593 519 1664 suos
545 1567 737 1662 Thebanos
763 1565 934 1644 codices?
960 1596 1027 1644 cur
1052 1567 1240 1663 Sabidicae
1258 1568 1493 1644 membranae
1510 1569 1597 1644 Col·

433 1685 517 1787 legii
541 1685 797 1788 Propagandae
816 1687 949 1762 diutius
967 1684 1213 1762 delitescunt?
1232 1688 1270 1760 Si
1288 1703 1466 1788 utraeque
1484 1681 1598 1762 simul

434 1819 765 1905 componerentur,
791 1831 865 1880 non
885 1803 1002 1879 solum
1018 1794 1236 1881 haberemus
1253 1808 1434 1906 integrum
1454 1805 1597 1880 Novum

436 1921 708 1996 Testamentum
727 1921 934 1998 Sahidicum
951 1949 1035 1998 cum
1054 1922 1298 2018 variantibus,
1316 1922 1381 1996 sed
1397 1922 1596 1998 nonnullos

434 2037 564 2132 libros,
589 2067 632 2114 ac
657 2041 789 2116 multas
814 2042 1006 2145 pericopas
1032 2042 1175 2142 antiqui
1200 2040 1395 2142 Foederis3
1422 2039 1506 2114 hine
1525 2042 1596 2118 Aee

434 2158 559 2260 gyptia
582 2157 717 2234 familia
741 2175 864 2260 posset
901 2160 1112 2253 aestimari,
1150 2173 1187 2257 et
1222 2159 1370 2261 linguae
1409 2160 1596 2261 pomoeria

435 2275 705 2376 ampliarentur.
731 2276 842 2370 Quod
860 2280 892 2352 si
908 2275 1084 2379 philologi
1101 2275 1184 2353 ideo
1200 2275 1457 2378 Memphiticos
1475 2291 1595 2353 textus

401 2375 404 2384 ¹
434 2392 665 2487 anteferunt,
692 2397 775 2496 quia
800 2420 843 2470 ex
866 2398 1184 2497 grammaticarum
1204 2393 1326 2470 studio
1346 2395 1461 2496 magis
1475 2418 1595 2469 assue-

433 2527 566 2592 verunt
596 2510 682 2586 huic
714 2512 894 2606 dialecto,
925 2537 1001 2588 non
1032 2511 1186 2609 dubito,
1215 2514 1306 2615 quin
1343 2514 1382 2586 in
1416 2495 1595 2590 Thebana

432 2629 727 2722 exercitatissimi
754 2632 826 2706 sint
843 2635 1011 2725 evasuri,
1029 2633 1059 2706 si
1076 2633 1115 2705 in
1132 2630 1364 2732 grammatica
1382 2654 1441 2704 me
1461 2628 1596 2704 ducem

433 2763 641 2848 sequentur.
667 2749 735 2823 Est
760 2750 869 2824 etiam
894 2751 1047 2824 Taurini
1071 2748 1227 2823 biblicus
1254 2746 1366 2822 codex
1384 2745 1592 2856 Thebanus,

430 2890 542 2966 quern
568 2867 641 2940 iam
667 2865 883 2962 edidissem,
911 2870 944 2942 si
969 2851 1037 2969 ope
1064 2866 1323 2942 Oroniensium
1348 2864 1547 2966 potuissem
1571 2893 1594 2938 a

432 2979 572 3058 lacunis
597 2984 779 3079 liberare3
806 3013 916 3087 quam
943 3010 1044 3088 spem
1073 2983 1237 3060 nondum
1256 2983 1389 3058 abieci.

481 3101 641 3201 Exposui
668 3129 762 3204 quae
788 3105 979 3205 praestiti,
1004 3120 1115 3206 atque
1141 3101 1188 3176 ab
1213 3100 1292 3177 aliis
1318 3100 1498 3204 praestari
1518 3099 1592 3176 vel·

399 3203 403 3215 ⁵
432 3216 529 3311 lem,
556 3235 748 3320 superest,
775 3235 819 3294 ut
843 3247 913 3296 nec
939 3247 995 3294 me
1022 3222 1182 3324 suscepti
1213 3219 1346 3296 laboris
1379 3218 1591 3320 poeniteat,

352 3385 354 3390 ,
432 3361 474 3407 aa
500 3338 615 3410 ceteri
640 3336 883 3415 conditionem
910 3339 1100 3442 accipiant.
1697 3325 1699 3334 ’
