3452 5458
139 1093 141 1096 .
174 1028 359 1120 Quantum
391 1049 457 1126 ego
489 1021 706 1127 profecerim
732 1049 772 1100 ex
802 1021 1001 1099 Codicibus
1025 1025 1215 1127 Borgianis
1242 1032 1283 1103 in*

122 1137 345 1220 bibliotheca
371 1144 525 1245 Collegii
550 1142 808 1245 Propagandae
834 1142 939 1218 Fidei
964 1149 1155 1220 asservatis
1175 1145 1279 1221 facile

126 1264 276 1365 quisque
294 1262 474 1364 intelliget
490 1287 533 1334 ex
551 1260 787 1362 sequentibus
805 1257 1073 1335 Additamentis
1092 1264 1138 1337 ad
1155 1289 1285 1339 meum'

127 1384 304 1473 Lexieon,
322 1405 416 1482 quae
435 1379 555 1453 omnia
573 1378 725 1452 laudatis
745 1378 967 1454 membranis
985 1395 1132 1482 accepta
1151 1381 1280 1458 refero.

127 1501 245 1588 Quare
270 1524 345 1600 quo
365 1499 506 1570 maiora
532 1511 616 1570 sunt
641 1522 766 1569 earum
791 1497 831 1568 in
856 1521 915 1569 me
934 1497 1087 1591 merita,
1102 1523 1152 1572 eo
1170 1501 1281 1573 etiarn

127 1617 297 1689 maiorem
324 1615 475 1717 gratiam
500 1640 575 1687 non
602 1628 743 1688 tantum
767 1610 904 1688 habere
931 1613 1071 1709 debeo,
1090 1614 1153 1690 sed
1172 1618 1281 1692 etiam

127 1733 261 1808 referre
289 1759 363 1808 non
390 1733 506 1806 dicam
531 1732 678 1823 verbis,
703 1746 806 1804 atre
839 1733 917 1834 ipsa
947 1749 984 1806 et
1017 1732 1130 1808 factis
1162 1736 1280 1828 Porro

128 1851 306 1946 referam,
330 1852 499 1924 mutilum
517 1851 738 1950 Bargianum
757 1848 951 1943 Codicem,
971 1869 1147 1952 quantum
1165 1855 1202 1926 in
1220 1861 1282 1928 'me

129 1985 180 2043 est
193 2025 205 2062 ,
229 1968 484 2071 redintegrans
497 2025 508 2063 ,
537 1967 863 2070 simulqueEmin.
890 1969 1093 2042 Cardiualis
1128 1972 1282 2073 Bergine

128 2090 336 2162 memoriam
372 2084 526 2164 eruditis
566 2085 734 2159 omnibus
767 2084 1036 2181 venerandam,
1071 2083 1167 2162 mihi
1194 2116 1282 2165 vcro

129 2204 229 2308 longe
256 2204 557 2308 iucundissimam
584 2205 799 2276 instaurans.
1289 2219 1292 2228 ’

174 2325 325 2425 Septem
338 2323 584 2396 ¹membranae
612 2323 816 2422 Copticae,
842 2347 979 2423 eaeque
996 2324 1284 2427 antiquissimae,

129 2440 165 2512 in
188 2443 370 2543 Borgiano
388 2443 512 2514 Museo
530 2440 720 2514 Veliterno
738 2439 993 2537 servabantur,
1007 2448 1108 2543 'quae
1127 2441 1198 2517 duo
1215 2445 1284 2516 Mi-

129 2559 249 2633 racula
268 2560 305 2633 S.
324 2556 471 2633 Colutbi
486 2559 656 2661 Martyris
673 2555 896 2652 referebant3
914 2585 1045 2660 nempe
1071 2577 1177 2634 erant
1187 2561 1293 2634 male*

128 2678 305 2752 mulcatae
322 2675 499 2777 reliquiae
517 2676 664 2766 maioris
684 2675 839 2771 codicis,
859 2677 923 2778 qui
941 2678 1082 2776 integra
1100 2693 1181 2750 acta
1199 2707 1284 2752 curn

129 2791 229 2871 huius
255 2798 449 2896 Martyris,
467 2811 547 2867 tum
562 2794 717 2868 aliorum
738 2794 873 2868 Christi
892 2795 1107 2868 athletarum
1124 2797 1282 2870 tenebat.

129 2913 232 2988 Hisce
240 2898 333 2989 ¹vero
345 2913 557 3016 fragmentis
572 2910 723 2986 mirifice
737 2912 935 2988 delectatus
951 2913 1129 2986 Antonius
1143 2897 1278 3014 Georgi

129 3032 289 3106 Eremita
314 3019 595 3133 Augustiriianus
608 3089 621 3126 ,
645 3031 702 3103 vir
727 3029 878 3133 Coptica
913 3028 1064 3122 doctus,
1096 3033 1281 3134 multaque

127 3149 334 3226 eruditione
358 3149 533 3250 insignis,
560 3174 602 3222 ea
628 3148 809 3248 evulgavit
831 3150 872 3221 in
890 3147 1073 3224 volumine
1090 3149 1144 3222 IV
1162 3145 1281 3224 Auec-

130 3266 296 3342 dotorum
322 3262 458 3344 Romae
484 3292 578 3340 anno
612 3267 715 3369 1783.
746 3267 903 3359 Postea,
928 3267 1142 3342 fortunente
1175 3271 1281 3362 Deo,

129 3409 207 3458 curn
232 3385 324 3459 duas
349 3386 433 3459 alias
453 3385 680 3460 membranas
697 3385 895 3459 invenisset
911 3386 949 3459 in
972 3388 1281 3488 Aegyptiacorum

130 3497 400 3602 ἀποσπασματίων
418 3502 589 3577 fasciculo
609 3499 654 3576 ad
671 3505 972 3605 EminfBorgiam
987 3531 1029 3578 ex
1042 3506 1177 3579 ultima
1188 3507 1280 3581 The·

129 3617 230 3696 baide
257 3621 428 3716 advecto,
444 3647 576 3696 novam
590 3623 754 3695 omniurn
773 3622 1065 3696 membranarum
1084 3623 1281 3700 editionem

130 3739 293 3837 proferre
319 3739 506 3814 constituit
519 3794 531 3832 ,
556 3766 649 3841 quae
675 3737 853 3816 decennio
886 3755 966 3840 post
995 3741 1130 3813 Romae
1160 3740 1278 3814 lucem

129 3855 239 3955 vidit,
278 3874 384 3931 aucta
422 3856 583 3958 reliquiis
615 3859 788 3931 Actorum
820 3858 869 3930 S.·
889 3857 1094 3950 Panesniv,
1129 3857 1280 3958 aliisque

129 3971 289 4076 Copticis
325 3975 536 4078 fragmentis
572 3977 611 4048 in
648 3974 921 4048 adnotationum
951 3976 1083 4048 seriem
1119 3976 1275 4051 insertis.

128 4089 214 4164 Nam
239 4095 420 4196 Georgius
446 4109 546 4167 tanta
570 4094 790 4196 multigenae
817 4092 1004 4167 doctrinae
1030 4094 1134 4196 eopia
1159 4095 1278 4168 alllue-

127 4203 297 4305 bat,ut,
324 4210 411 4285 dum
437 4237 517 4285 eam
547 4237 759 4315 expromere
795 4209 929 4305 vellet,
967 4211 1115 4287 modum
1152 4227 1277 4289 tenere

128 4330 266 4404 nescius
291 4344 524 4404 monumenta
553 4331 797 4405 monumentis
826 4346 1038 4422 acervaret,
1071 4353 1180 4432 atque
1215 4358 1276 4406 en·

131 4465 272 4523 cursum
297 4446 509 4550 digressioni
533 4463 769 4547 annecteret3
797 4473 909 4552 quare
937 4450 974 4524 in
998 4436 1277 4524 commemorato
