3458 5454
433 405 504 480 116

432 550 487 597 ιο.
503 521 616 598 Hebr.
632 519 748 614 thud
774 519 904 628 uliquis
930 521 1079 600 sortasse
1103 523 1230 599 mullet
1247 550 1328 612 este·
1348 521 1421 600 Sed
1441 525 1581 628 quoties

426 641 523 713 inter
546 653 680 732 votes,
705 655 747 712 ut
771 641 899 738 aiunt,
925 667 1145 746 synonymus
1171 657 1278 717 acuta
1304 638 1505 718 intercedit
1527 637 1582 716 'di-

425 758 594 850 stinctio,
618 755 722 832 limile
749 757 959 860 contingere
984 775 1103 860 potest
1120 761 1262 862 aliquot
1280 763 1320 834 in
1335 759 1446 854 loeis,
1464 777 1508 835 ut
1524 758 1585 834 dn·

425 873 528 948 bium
555 875 645 950 oriri
670 878 783 976 possit
808 889 888 950 utra
914 902 1043 950 earum
1067 875 1305 978 praeferenda
1329 879 1387 953 sit
1674 869 1680 877 ’

476 991 582 1066 Solus
606 993 843 1069 Basmuricus
869 996 969 1096 locus
994 1008 1051 1070 est
1074 993 1188 1073 Hebr.
1203 1021 1265 1070 ιιι.
1287 1023 1327 1071 ιι
1357 995 1424 1108 ubi
1456 991 1587 1120 legitur
1619 1085 1624 1104 ¹
1675 1089 1679 1094 ι

425 1133 859 1207 neaenorumnuemeun,
885 1109 1037 1208 emenda
1062 1127 1100 1188 et
1125 1110 1245 1186 divide
1268 1097 1390 1190 enern
1408 1103 1502 1214 (pro
1519 1115 1586 1204 ene
1671 1114 1678 1212 '¹

426 1227 531 1326 orn)
557 1252 687 1304 onnon<
713 1253 757 1306 oe
782 1251 898 1324 meon
922 1234 956 1304 si
978 1245 1100 1306 autem
1119 1229 1296 1333 perfectio
1306 1229 1429 1332 soret.

467 1531 570 1606 XlX.
602 1533 758 1635 Tempus
787 1537 1033 1638 Compositum
1059 1559 1143 1610 curn
1167 1536 1357 1608 Particula
1383 1559 1474 1626 Qun
1500 1536 1543 1610 si.

477 1817 550 1908 Qui
576 1819 627 1889 ait
651 1825 788 1920 siquis
812 1819 983 1894 mandata
1008 1826 1204 1896 servaverit
1218 1825 1338 1896 saluus
1356 1824 1427 1894 erit
1448 1821 1590 1895 meram

426 1930 654 2035 hypothesim
679 1933 785 2038 fingit
808 1935 900 2010 nihil
930 1938 1132 2032 sollicitus,
1164 1953 1289 2012 utrum
1326 1939 1387 2012 ille
1417 1931 1589 2012 mandata
1670 1935 1672 1938 ’

427 2068 633 2127 servaturus
664 2056 712 2128 sit
725 2081 910 2150 ,neene‚
940 2071 1081 2132 tantum
1110 2057 1264 2130 affirmat
1293 2054 1505 2160 quidinde
1531 2081 1588 2130 se·
1666 2157 1669 2164 Ι

428 2185 571 2268 quetur.
598 2173 647 2246 At
670 2175 735 2276 qui
761 2174 850 2248 dicit
873 2181 906 2250 si
929 2201 1007 2248 rem
1024 2182 1194 2251 amhsam
1210 2181 1397 2266 invenero,
1417 2171 1590 2272 gaudebo
1706 2181 1707 2188 ’

427 2311 501 2360 non
526 2289 645 2364 solum
668 2291 770 2394 lingit
793 2291 1045 2397 hypothesim,
1072 2293 1138 2368 sed
1163 2311 1352 2397 praeterea
1381 2289 1505 2368 innuit
1534 2291 1593 2367 vel
1662 2319 1666 2332 ¹

427 2410 684 2506 propositum,
709 2410 769 2484 vel
795 2409 1017 2486 desiderium
1043 2410 1280 2514 perquirendi
1304 2437 1384 2486 rem
1410 2413 1592 2530 amissam,

427 2523 522 2598 nihil
546 2541 668 2600 tamen
693 2529 873 2602 affirmans
900 2529 945 2604 de
971 2553 1048 2611 sue
1063 2555 1129 2630 spe
1147 2529 1386 2620 inveniendi,
1404 2544 1486 2602 tum
1508 2525 1591 2630 gau-

429 2640 530 2714 dium
556 2643 722 2718 declarat
747 2647 891 2749 qnando
916 2673 994 2721 eam
1022 2645 1212 2725 invenerit.
1238 2649 1359 2740 Quare
1386 2646 1544 2720 alterum
1560 2649 1593 2718 si

429 2761 474 2834 ab
489 2761 602 2836 altero
617 2762 873 2902 distinguitur,
891 2765 977 2840 lieet
995 2767 1147 2841 maxima
1164 2765 1346 2840 affinitas
1337 2779 1435 2839 mter
1450 2781 1592 2866 utrum·
1638 2863 1640 2866 Ι

431 2905 503 2982 que
527 2881 754 2976 intercedat3
780 2887 942 2986 primum
961 2900 1017 2957 est
1035 2909 1168 2978 amun,
1188 2883 1346 2958 alterum
1362 2905 1461 2976 mon.
1476 2883 1591 2956 Porro

432 3015 573 3074 constat
597 3023 684 3096 mon
710 3025 789 3074 esse
816 3027 961 3104 quoque
988 3000 1206 3102 particulam
1224 3000 1424 3080 dubitantis
1447 3017 1596 3091 utrum,
1643 3088 1645 3092 ι

431 3143 504 3209 an;
530 3114 616 3190 hine
642 3141 729 3210 men
746 3125 780 3193 si
795 3117 949 3194 dubium
968 3133 1088 3212 notat,
1110 3117 1210 3221 quod
1228 3119 1391 3192 animum
1407 3116 1592 3218 loquentis
1706 3109 1708 3124 ⁴

433 3235 563 3325 afficit,
589 3259 630 3306 ue
656 3236 762 3310 reddi
787 3252 909 3337 potest
926 3243 980 3333 si,
999 3237 1169 3341 quando,
1181 3236 1239 3312 vel
1255 3241 1289 3310 si
1305 3235 1473 3338 quando,
1491 3231 1592 3337 quod
1663 3223 1666 3230 ’

434 3352 765 3427 tameninoertum
792 3371 858 3428 est.
1707 3439 1708 3446 ἵ

484 3470 537 3544 Ει
564 3470 670 3544 dictis
705 3472 871 3574 sequitur
893 3471 1050 3548 verbum
1073 3473 1133 3548 vel
1157 3471 1281 3546 futuro
1310 3486 1476 3571 tempore
1507 3465 1592 3543 red·
1658 3565 1662 3576 .

435 3585 597 3662 olendum
621 3613 700 3664 esse
725 3615 860 3684 εριικιιι
886 3616 965 3667 ore
988 3602 1062 3666 twa
1087 3615 1215 3683 agorn
1247 3594 1387 3691 siquis
1412 3577 1594 3662 introierit

433 3706 515 3780 Idh.
531 3735 564 3781 x.
586 3733 654 3809 19,
678 3707 739 3782 vel
763 3711 951 3810 praesenti
969 3711 1018 3784 ita
1035 3724 1076 3783 ut
1093 3710 1186 3798 aetio
1205 3733 1289 3780 mox
1309 3707 1357 3780 sit
1374 3699 1591 3805 complenda

435 3851 669 3919 etmonssptne
694 3834 728 3902 si
750 3853 818 3927 ego
842 3828 987 3935 iudipo,
1013 3826 1070 3901 vel
1094 3849 1185 3900 mox
1215 3825 1422 3900 indicauero
1453 3821 1538 3895 ΙὸΙι.
1558 3847 1590 3895 ι.
1641 3923 1645 3932 Ι

442 3944 496 4016 ι6.
516 3947 610 4018 Rnro
628 3948 726 4018 enim
743 3947 921 4046 contingit
937 3947 1087 4020 verbum
1105 3943 1305 4048 praeterito
1323 3959 1491 4042 tempore
1511 3963 1593 4026 con·
1660 4037 1664 4042 μ

436 4062 657 4150 vertendum
680 4087 779 4158 esse,
798 4065 853 4137 uti
870 4083 1104 4157 oldendune
1124 4064 1201 4163 (Μ.
1220 4085 1334 4153 emron
1354 4054 1592 4163 ormontem)
1657 4151 1661 4169 ἰ

438 4181 594 4256 nitunt
618 4181 738 4278 morl·
751 4221 754 4226 ·
765 4193 876 4258 orssnr
893 4183 1039 4287 picando
1055 4180 1231 4285 loquebar
1248 4185 1320 4252 illis
1336 4175 1613 4278 impugrwbont

437 4318 493 4370 me
518 4301 617 4371 Psal.
634 4325 726 4375 cxix.
744 4303 811 4395 28,
838 4300 937 4404 quod
963 4327 1006 4376 ex
1032 4298 1184 4401 npodosi
1209 4298 1443 4398 intelligitur,
1468 4295 1507 4364 in
1524 4317 1593 4395 qua

437 4414 538 4492 adest
562 4419 796 4522 praeteritum
807 4473 819 4512 ,
843 4435 880 4493 et
904 4442 990 4514 men
1007 4417 1112 4510 reddi
1131 4415 1241 4494 debet
1258 4414 1418 4520 qnando.
1438 4410 1534 4488 Nom
1552 4407 1592 4484 de
1625 4517 1629 4522 Ι
1681 4449 1687 4464 =
