3442 5460
445 441 497 517 62

446 585 533 635 cum
557 559 681 636 suffixo
705 559 765 639 fn*
781 564 856 636 sert
881 585 952 634 vos
978 561 1084 640 facile
1111 563 1427 642 confunderentur
1452 591 1536 641 cum
1554 569 1606 644 iis·

445 677 531 754 dem
557 681 770 784 compositis
796 706 881 754 cum
900 681 1072 768 suffixo'fi
1089 709 1138 762 en
1154 708 1238 778 nos3
1265 681 1333 760 hae
1351 711 1465 787 porro
1483 712 1603 780 voces,
1699 761 1700 786 p

445 801 500 871 uti
525 797 631 873 facile
658 801 814 903 quisque
841 793 1077 901 praesentit,'
1094 799 1176 878 illae
1207 818 1319 897 sunt,
1352 831 1445 906 quae
1481 819 1605 878 exeunt

445 916 485 990 in
509 943 545 992 τ.
574 917 633 993 Sic
649 919 689 1009 ,si
714 916 978 1020 praepositioni
1002 924 1112 1008 stam
1135 921 1183 1014 T,
1215 919 1323 997 tibur
1346 923 1398 997 M.
1425 927 1466 996 in
1492 924 1604 996 suffixa

444 1035 585 1138 primae
605 1051 643 1111 et
661 1035 843 1110 secundae
862 1061 958 1138 pers.
979 1035 1074 1138 plur.
1093 1065 1271 1141 apponas,
1292 1038 1447 1114 habebis
1466 1043 1604 1132 figam,

445 1153 601 1231 tiburcii
625 1163 665 1229 in
689 1155 813 1248 nobis,
839 1171 878 1228 et
902 1157 1081 1246 figerem,
1103 1157 1283 1233 flunmen
1302 1163 1341 1232 in
1359 1157 1480 1233 cobis.
1501 1157 1604 1252 Quod

334 1307 340 1318 ·
443 1270 644 1349 discrimen
670 1299 754 1348 cum
780 1271 1002 1347 levissimum
1028 1271 1239 1370 videretur,
1271 1277 1381 1378 Copti
1405 1275 1606 1352 maluerunt
1699 1326 1700 1344 .

444 1392 499 1465 uti
524 1417 609 1466 casu
634 1389 809 1493 obliquo,
830 1415 871 1462 ac
890 1390 1050 1466 scribere
1069 1391 1514 1486 Thebaica-stemmatii
1531 1398 1603 1470 [aa.
1699 1379 1700 1469 l

444 1531 481 1586 ε.
502 1511 572 1605 13,
610 1525 649 1582 et
679 1507 917 1610 Memphitica
949 1507 1238 1588 ncnaenaanoa
1270 1513 1374 1586 Rom.
1396 1540 1421 1587 r.
1452 1539 1495 1590 12
1511 1559 1534 1610 ,·
1551 1511 1606 1588 vel

445 1626 554 1704 tibur
569 1638 646 1703 hen
663 1652 793 1713 annor
809 1630 825 1699 l
829 1628 854 1698 1.
873 1629 957 1700 Cor.
973 1655 1034 1703 vu.
1057 1629 1099 1704 15
1116 1634 1155 1704 in
1171 1628 1288 1705 oobta.
1307 1632 1341 1704 A
1358 1631 1513 1707 vocibus
1529 1633 1565 1706 in
1580 1655 1609 1705 r

446 1745 662 1822 exeuntibus
680 1745 726 1818 ad
742 1744 829 1819 alias
844 1744 998 1846 digressi
1014 1749 1242 1849 scripserunt
1259 1750 1370 1822 etiam
1386 1749 1467 1826 εἴη
1480 1753 1604 1828 rurs-u
1699 1801 1700 1852 t

382 1863 387 1874 ’
443 1891 555 1967 super
579 1891 649 1938 vos
674 1846 756 1942 Act.
777 1891 834 1938 xv.
858 1866 932 1957 28,
958 1864 1060 1966 qnod
1090 1861 1282 1940 commode
1315 1867 1431 1942 scribi
1466 1881 1605 1972 poterat

444 1985 578 2058 enus-m
596 1982 812 2056 distinctum
825 1980 871 2054 ab
884 2005 989 2056 eamn
1007 2009 1119 2083 super
1136 2009 1215 2057 nos.
1229 1985 1349 2059 Locus
1361 1987 1494 2060 Manu.
1509 2013 1602 2064 xxm.
1699 2069 1700 2080 χ

444 2104 479 2176 8.
505 2107 644 2176 ῆτωῆι
671 2125 715 2175 ue
740 2101 872 2175 earm
898 2099 1069 2174 suaderet
1094 2103 1225 2176 τεεί-ἐι
1251 2127 1329 2178 esse
1345 2106 1602 2180 nominativum

442 2245 527 2311 nos,
553 2216 618 2294 sed
643 2243 782 2320 repone
808 2219 939 2306 nupt-tt
955 2242 1096 2312 omnes,
1114 2219 1169 2292 uti
1187 2219 1353 2296 Graecus
1371 2237 1412 2296 et
1427 2219 1603 2328 Memphi-

444 2336 538 2410 ticus
564 2351 680 2410 textus
705 2335 845 2408 iubent

493 2455 573 2530 Diri
589 2451 816 2556 Memphites
843 2451 1004 2528 scribere
1025 2454 1334 2552 descensuum,
1350 2486 1461 2557 nam,
1480 2474 1522 2536 ut
1543 2458 1602 2536 tola

442 2571 521 2647 lant
546 2597 766 2648 concursum
791 2569 944 2644 duarum
972 2581 1213 2648 cons0narum
1233 2601 1315 2670 πθ,
1343 2581 1509 2654 inserunt
1534 2605 1600 2670 eu,

442 2689 607 2793 adeoque
633 2715 702 2791 pro
726 2697 956 2781 epeueunor
980 2691 1033 2764 ad
1054 2718 1124 2766 vos
1144 2693 1312 2770 scribunt
1326 2712 1601 2788 epeueneuuor
1699 2759 1700 2762 ,

441 2811 471 2883 Ι.
489 2813 573 2885 Cor.
590 2836 663 2885 xvt.
685 2807 804 2883 13.11.
822 2811 907 2882 Cor.
922 2798 985 2882 vri.
1008 2835 1069 2904 ¹¹3
1088 2837 1156 2912 pro
1169 2837 1206 2884 tu
1224 2836 1502 2890 ouutcuettnou·
1516 2813 1603 2888 beati

440 2956 511 3003 vos
525 2955 556 3002 tu
571 2947 896 3003 ountct‘tettettuo‘t
906 2925 987 3000 Iole.
1003 2954 1079 3001 xm.
1102 2955 1157 3033 ¹7·
1171 2928 1263 3004 Sunt
1280 2933 1393 3006 ctiam
1407 2931 1600 3035 particulae
1699 3014 1700 3032 χ

441 3043 701 3146 Memphiticac
716 3102 727 3138 ,
753 3071 846 3146 quae
873 3044 1049 3147 syllabam
1075 3072 1149 3122 τεπ
1182 3045 1419 3142 adsciscunt,
1449 3065 1495 3124 ut
1523 3073 1599 3122 cum

437 3189 573 3239 annor
598 3139 886 3262 compbnantur3
914 3165 966 3235 sic
993 3188 1221 3240 eueneunot·
1251 3165 1358 3242 vobis
1390 3167 1434 3240 ab
1467 3195 1490 3244 e
1520 3183 1599 3242 nota

443 3279 580 3374 dativi,
607 3279 706 3378 quod
729 3281 897 3379 superius
917 3281 1018 3381 attigi
1040 3279 1199 3356 dativum
1218 3287 1477 3386 pronominum
1496 3310 1598 3388 expo·

441 3423 557 3491 nens3
584 3395 817 3472 tirenermor
842 3396 948 3470 uobis
974 3426 994 3470 a
1020 3424 1046 3471 n
1073 3397 1183 3472 dativi
1208 3417 1319 3498 nota,
1351 3402 1434 3478 vide
1459 3409 1598 3480 Dema.

448 3543 503 3620 ¹7·
520 3515 548 3588 l.
565 3518 650 3590 Cor.
666 3542 712 3588 ιι.
730 3515 789 3588 23.
803 3541 862 3588 xv.
879 3515 912 3588 3.
928 3517 1067 3600 tren.
1083 3541 1107 3590 1.
1131 3521 1171 3591 18
1191 3535 1285 3614 eto,
1305 3519 1472 3625 adeoque
1489 3505 1598 3597 Mem·-

441 3631 564 3746 pbitae
589 3632 758 3708 scribunt
791 3657 895 3709 oron
920 3633 1154 3712 mesonma
1177 3653 1230 3714 est
1251 3638 1359 3716 coba
1382 3639 1465 3714 Iob.
1481 3665 1550 3715 xxr.
1564 3635 1597 3712 5.

441 3779 511 3857 pro
537 3775 779 3844 οεοητετεη,
806 3750 851 3824 de
870 3751 1045 3855 quotide
1065 3779 1184 3828 meum
1204 3757 1364 3832 Lexic'on
1382 3787 1418 3862 p.
1440 3757 1521 3854 146.
1536 3755 1599 3830 His

442 3869 535 3944 adde
548 3893 802 3945 curenonnor
815 3877 933 3944 statim
950 3896 1020 3943 vos
1039 3874 1222 3948 Marem
1240 3901 1281 3970 a,
1302 3878 1378 3952 eius
1392 3875 1506 3954 forma
1521 3896 1597 3950 cum

442 3987 577 4064 ceteris
590 3987 725 4062 suffixis
739 4002 797 4062 est
809 4012 953 4082 curor,
968 3991 1018 4062 sic
1033 4013 1184 4088 ceuceu
1197 3998 1315 4068 statim
1329 3999 1597 4096 immemores

441 4113 560 4180 statim
575 4131 659 4200 nos3
677 4105 763 4180 binc
781 4106 1018 4208 intelligimus
1036 4105 1190 4182 formam
1210 4109 1409 4186 absolutam
1429 4111 1536 4188 luisse
1552 4129 1597 4184 cc

441 4231 581 4315 suctim,
604 4250 699 4326 quae
723 4225 909 4326 antiquata
933 4225 1102 4327 nuspiam
1128 4229 1315 4322 occurrit,
1341 4231 1523 4332 originem
1544 4242 1595 4300 u·

440 4365 529 4416 men
554 4338 652 4416 dedit
675 4341 852 4416 vocabulo
878 4366 1025 4418 cetmor
1049 4349 1158 4438 celer,
1185 4352 1303 4423 velox
1326 4375 1412 4424 esse.

426 4561 428 4568 Ι
490 4457 780 4564 Praepositioncs
804 4479 1027 4537 assumturus
1056 4488 1260 4566 pronomen
1286 4493 1433 4563 cunco,
1453 4465 1593 4555 anam,
