3452 5460
409 1453 577 1530 omnes,
605 1441 651 1508 at
677 1423 750 1526 vel,
767 1433 817 1545 ab
842 1433 1060 1510 assiduam
1091 1432 1462 1528 commetadinm
1496 1431 1561 1508 oet
1642 1483 1645 1489 -

408 1573 540 1665 calpa
567 1570 680 1647 Tnae
700 1569 844 1666 facilis
870 1578 997 1666 atque
1015 1568 1161 1650 obviae
1181 1578 1388 1664 naturae,
1408 1588 1461 1644 ne
1475 1589 1562 1642 mo

408 1707 590 1798 destiam
612 1707 778 1802 dinam
795 1708 958 1802 saetam
975 1715 1055 1800 est,
1075 1714 1124 1781 nt
1141 1705 1330 1780 carendo
1347 1706 1482 1798 mapis
1497 1705 1562 1777 in-

409 1841 701 1918 tellexerimus
718 1849 903 1938 quantas
920 1859 1044 1933 esses,
1061 1860 1190 1937 qnam
1206 1839 1400 1936 sinendo.
1420 1837 1562 1936 Quare

407 1979 504 2052 siin
520 1975 648 2055 relus
665 1977 961 2074 eopnoseendis
976 1977 1244 2072 facilitatem,
1263 1978 1310 2048 in
1328 1973 1563 2049 attonem

408 2112 476 2188 dis
494 2113 843 2207 moderationem,
861 2113 909 2185 in
923 2111 1087 2206 apendo
1099 2110 1391 2205 prudentiam,
1407 2116 1487 2183 aat
1502 2106 1563 2181 di-

408 2248 532 2324 oendi
551 2250 809 2342 pravitatem
833 2267 930 2323 cnm
954 2255 1112 2340 arpnta
1131 2246 1359 2341 festivitate
1384 2246 1561 2319 conian-

408 2395 525 2459 etam
542 2383 716 2458 oolimas
735 2385 858 2478 qnasi
868 2400 1060 2476 persona
1077 2383 1330 2474 convestire,
1354 2399 1431 2454 nos
1447 2377 1565 2454 altro

412 2520 526 2596 Totae
538 2519 759 2613 tonationis
776 2520 1025 2592 memoriam
1040 2524 1277 2610 repetentes
1294 2515 1410 2590 dieta
1423 2516 1560 2611 saeta-

408 2674 491 2751 qtte
518 2655 608 2730 Tne
637 2656 819 2729 altissim
849 2655 915 2726 ita
947 2637 1352 2745 comemmoramns,
1385 2657 1435 2724 nt
1467 2650 1562 2724 inde

401 2793 543 2884 possis
563 2789 837 2864 laetissimam
859 2789 1123 2882 posteritatis
1152 2787 1264 2894 ¹l'nae
1284 2786 1563 2882 praeraptam

407 2943 578 3017 capere.
609 2923 694 3018 Epo
719 2941 822 2998 oero
845 2923 1004 2995 nemini
1034 2921 1265 2996 comedens
1289 2927 1455 3014 quanta
1489 2939 1561 2993 oo·

408 3061 572 3152 laptate
587 3039 830 3154 perlitndar
847 3056 942 3132 Tnis
961 3055 1157 3130 landibas
1175 3057 1392 3149 assistens,
1401 3073 1488 3127 non
1501 3060 1563 3127 est

407 3213 491 3269 ear
514 3195 682 3286 dieam3
699 3194 810 3266 nosti
825 3194 938 3268 enim
956 3211 1096 3266 meam
1111 3193 1158 3268 in
1177 3191 1230 3264 Te
1249 3189 1562 3269 observantiam

408 3331 572 3406 amoris
584 3329 830 3420 plenamen
842 3347 977 3421 aequo
994 3326 1256 3420 respondere
1270 3323 1432 3423 effasae
1449 3324 1564 3399 Tuae

322 3531 324 3534 ,
405 3470 455 3540 in
472 3484 540 3538 me
555 3463 856 3560 indulgentiae.
879 3461 990 3558 ans
1006 3481 1155 3538 sensns
1173 3480 1270 3535 eam
1287 3460 1451 3534 tamma
1472 3477 1560 3532 nte-

407 3621 505 3676 cam
523 3600 833 3674 comtitaissem
843 3567 1011 3690 pnbliee
1031 3597 1201 3690 testari,
1229 3604 1318 3671 tam
1329 3594 1475 3687 pmdor
1492 3595 1557 3666 in·

407 3735 687 3828 terpellabat3
705 3735 805 3808 oieit
821 3734 995 3806 tandem
1013 3749 1187 3826 notam,
1203 3751 1285 3825 qao
1303 3749 1369 3804 me
1382 3728 1561 3806 obsti-m-

406 3873 525 3965 esisti,
537 3870 735 3944 debiatm
746 3867 968 3948 Enimvero
983 3885 1081 3942 man
1094 3865 1255 3941 dietas
1268 3865 1421 3940 abtim
1433 3864 1560 3940 anna

405 3989 562 4080 nonme
576 4005 772 4101 finissem,
789 4003 850 4079 Ta
865 4023 952 4078 non
970 4010 1137 4076 tantam
1151 4018 1220 4076 me
1234 4001 1281 4074 in
1298 4001 1453 4075 oetaeis
1463 4019 1561 4076 eon·

405 4141 642 4217 saemdinis
655 4140 1000 4236 familiaritatem
1016 4137 1237 4230 admisisti,
1254 4135 1330 4212 sed
1341 4134 1561 4210 etiamne·

405 4279 533 4370 spitio
557 4275 788 4370 eaeepisti,
812 4293 897 4368 qno
922 4272 1028 4348 mlii
1049 4271 1153 4346 milti
1185 4271 1558 4362 honorificentias,

407 4412 518 4488 ndtil
545 4412 696 4510 saedis
725 4412 832 4486 meis
858 4408 1083 4502 optabilius
1111 4408 1353 4504 eontinpere
1372 4411 1558 4499 poterat.
