3452 5460
1303 387 1332 464 9

163 479 446 586 eeliel'stm'ss‘a
470 475 679 566 caecam
702 473 956 572 audics3tnm
980 471 1075 570 otta
1095 500 1136 572 e,
1160 491 1200 556 et
1221 501 1270 575 a,
1290 493 1333 555 et
1467 503 1470 512 ·

165 628 214 698 o,
242 615 358 704 atque
383 625 416 676 ou
438 597 499 674 vix
521 593 669 674 serviles
694 593 826 676 lineola
850 591 1037 670 donarunt
1060 594 1265 674 scribentes
1283 597 1334 678 ἑτ

146 724 257 824 qut,
284 720 439 821 ὲφλποτ
461 737 606 810 eunus,
629 727 674 788 ut
707 710 816 815 plane
854 707 1002 790 credunt
1037 709 1171 792 lineola
1199 713 1332 802 musas

168 861 253 921 esse
279 833 328 910 ad
351 829 554 926 notmdum
586 827 697 910 ctiam
727 843 920 906 accentum
956 827 1119 906 tonicam
1154 831 1333 912 vocabuli.

168 953 232 1038 Sic
259 953 300 1042 in
324 949 445 1047 ἒυιοκ,
470 951 589 1044 enea,
607 949 713 1026 ,esen
737 964 809 1024 etc.
834 971 1053 1052 persuasum
1077 943 1194 1024 babeo
1218 948 1334 1030 lineo-

170 1072 246 1162 lam
271 1095 350 1158 esse
376 1081 595 1165 accentum3
621 1092 707 1144 nam
732 1093 817 1142 cnm
841 1064 1029 1142 Thebanis
1054 1063 1205 1144 eaedem
1222 1093 1333 1148 voces

172 1188 380 1266 scribantur
404 1188 501 1280 ans,
526 1187 622 1279 effe,
647 1189 742 1280 ein,
767 1181 952 1262 debebant
974 1208 1055 1278 esse
1071 1202 1336 1288 paroxytonae,

169 1306 299 1410 nequit
315 1305 417 1381 enim
435 1318 607 1380 accentus
627 1327 738 1406 supra
754 1315 894 1380 mumm
913 1297 1055 1380 cadere.
1069 1302 1115 1377 In
1126 1307 1219 1397 tuns,
1230 1307 1335 1396 abor,

169 1429 322 1516 ortior,
346 1421 450 1518 omar
471 1417 569 1505 nibil
589 1417 699 1506 ,rideo
724 1419 798 1494 nisi
822 1435 1026 1504 accentum.
1052 1419 1098 1502 In
1116 1421 1334 1518 enrernm,

169 1538 353 1637 monos,
376 1536 535 1632 bonesci,
559 1535 713 1636 ddpwn,
738 1552 830 1634 eto,
854 1563 927 1622 non
951 1536 1060 1612 rideo
1086 1536 1177 1642 quid
1202 1534 1336 1641 duplex

169 1658 305 1734 lineola
328 1671 443 1733 notet.
469 1657 574 1748 Anne
599 1653 821 1758 Memphitue
839 1653 875 1734 τὸ
891 1654 1061 1756 meuegt
1080 1654 1337 1752 Hebraeorum

51 1826 56 1834 ·
169 1791 257 1868 sunt
281 1775 414 1852 imitati
426 1774 444 1848 l.
465 1773 562 1866 Tum
588 1773 620 1850 si
644 1772 684 1848 in
707 1771 846 1852 doetus
859 1832 881 1871 a
912 1771 1085 1868 aceespd
1097 1827 1111 1867 ‚
1148 1771 1336 1870 maeno,

171 1897 328 1987 apesin,
358 1893 587 1988 spxneperc
619 1906 691 1968 etc.
728 1907 921 1968 accentum
952 1907 1083 1968 notare
1115 1893 1336 1990 voluerunt,

175 2009 372 2101 dicendum
397 2009 848 2112 estgraecam.veritatem
865 2012 1081 2114 corrupisse.
1100 2011 1204 2104 Quae
1221 2036 1337 2114 quum

173 2129 226 2216 ita
250 2128 348 2224 sint,
361 2154 403 2204 ao
422 2127 561 2202 lineola.
571 2125 809 2229 Memphitica
823 2127 932 2204 modo
950 2127 1154 2204 absentiam
1169 2155 1193 2206 e
1209 2145 1334 2212 multe

175 2244 413 2339 indicaverit,
438 2242 547 2322 modo
573 2243 778 2322 distinxerit
799 2245 945 2324 vocales
970 2246 1150 2345 serviles,
1185 2262 1251 2322 aut
1275 2272 1337 2322 vo-

173 2363 290 2442 calem
314 2379 470 2439 accentu
494 2361 698 2448 donandam
710 2417 723 2457 ,
750 2363 895 2460 tandem
919 2364 1106 2460 nonnullis
1128 2365 1168 2440 in
1184 2365 1335 2462 vocibus

172 2479 360 2586 probabili
384 2495 565 2584 potestate
592 2496 714 2568 careat
726 2537 740 2577 ,
770 2480 878 2568 fateri
910 2482 1088 2560 debemus
1117 2484 1338 2588 Memphim

173 2625 258 2678 rum
284 2598 600 2702 lineolam-potius
613 2597 865 2698 obscurasse,
897 2627 1008 2704 quam
1039 2599 1241 2678 illustrasse
1267 2599 1339 2678 lin·

174 2744 283 2820 guam
311 2719 463 2819 eiusque
481 2719 767 2820 grammaticam.
785 2718 818 2794 Ε
835 2721 1015 2794 contrario
1031 2717 1130 2823 apud
1143 2718 1339 2816 Thebanos

173 2863 239 2916 sua
264 2861 411 2938 semper
434 2853 547 2941 atque
572 2837 684 2915 unica
713 2853 871 2941 potestas
903 2835 1065 2932 lineolae
1102 2837 1267 2933 mansit,
1296 2853 1339 2912 ut

174 2954 361 3046 defectum
385 2981 407 3038 e
432 2971 556 3032 mutae
582 2956 762 3048 innueret.
789 2955 963 3032 Ceterum
982 2980 1066 3030 cum
1085 2954 1261 3048 eiusmodi
1278 2951 1340 3030 de

173 3074 292 3160 fectus
316 3071 422 3168 facile
447 3073 672 3178 intelligatur
698 3090 896 3170 exortura
931 3099 1176 3168 consonarum
1212 3075 1339 3160 imme·

174 3191 272 3284 dicto
300 3193 575 3290 coniunctorum
588 3247 613 3288 „
627 3193 682 3270 uti
707 3219 794 3289 mn,
820 3219 915 3288 tum,
940 3221 1012 3290 gn,
1038 3220 1092 3290 go
1118 3209 1206 3294 etc,
1229 3195 1335 3300 equi-

174 3309 326 3402 demin
349 3313 482 3400 Lexioo
506 3337 616 3416 saepe
640 3310 813 3389 lineolam
839 3313 967 3410 omisi,
994 3313 1156 3424 Zoie'gom
1175 3313 1337 3390 imitatus

172 3430 213 3505 in
237 3455 305 3506 suo
330 3427 506 3534 Catalogo
531 3429 711 3526 Codicum
736 3431 992 3535 Copticorum;
1016 3447 1055 3506 at
1071 3457 1150 3506 eam
1167 3446 1338 3524 accurate¹

168 3564 349 3633 ¹notarunt
373 3547 627 3651 Mingarellius
643 3549 683 3640 in
699 3550 929 3653 Fragmentis
948 3547 1156 3644 Thebanis,
1179 3563 1216 3624 et
1233 3549 1337 3625 Woi-

173 3663 255 3750 dius
280 3667 322 3739 in
346 3665 446 3758 Novo
471 3667 704 3742 Testamenta
736 3668 915 3746 Sahidico.
951 3668 1103 3748 Miratus
1134 3691 1222 3742 vero
1254 3659 1337 3762 sum

173 3781 402 3886 diligentiam
429 3783 616 3863 Wilkinsii
641 3787 682 3876 in
711 3784 963 3876 Pentateucho
1002 3801 1040 3862 et
1070 3784 1172 3861 Novo
1204 3784 1334 3860 Testa·

172 3917 297 3976 mento
321 3900 588 4006 Memphitica,
613 3927 681 3988 nec
716 3930 793 3988 non
823 3903 959 3980 Idelcri
990 3906 1030 3980 in
1059 3897 1214 3978 Psalmis
1247 3900 1338 3986 item

173 4017 449 4123 Memphiticis,
480 4025 547 4125 qui
578 4023 683 4098 anxia
710 4021 950 4113 sollicitudine
978 4017 1255 4124 Memphiticam
1288 4020 1336 4097 li·

172 4137 318 4248 neolam
344 4140 442 4244 typis
468 4141 744 4244 exprimendum
767 4154 954 4216 curarunt.
991 4138 1176 4244 Equidem
1201 4139 1241 4218 in
1267 4137 1336 4216 hae

172 4256 417 4342 Grammatico
459 4257 684 4350 Thebaicum
726 4259 897 4354 lineolam
932 4259 1069 4348 notabo
1079 4316 1093 4358 ,
1130 4285 1207 4346 non
1242 4259 1335 4338 item

174 4373 461 4479 memphiticam.-
