3452 5460
420 376 445 448 6

420 518 506 592 gere
533 494 728 574 voluerunt
758 497 857 572 illam
897 499 1120 576 Graecorum
1159 498 1311 602 siglam,
1353 525 1446 604 quae
1476 514 1577 576 notat

418 625 611 688 numerum
636 643 734 716 900,
760 633 918 720 atqueu
955 644 1014 695 me
1051 615 1208 694 exhibita
1242 619 1312 694 fuit
1347 619 1385 694 in
1422 620 1578 722 Pupyris

421 729 574 808 Graecis
600 732 651 806 (¹).
678 737 801 827 Quare
826 735 962 811 vellem
988 736 1170 811 elemento
1198 763 1225 827 p
1258 735 1377 812 notari
1416 762 1511 833 100,
1541 752 1580 812 et
1623 813 1627 822 ,

373 885 375 892 ·
419 848 512 950 sigla
535 870 564 952 p
590 877 676 952 900.
701 894 752 910 -
789 853 862 926 Par
887 851 1052 928 confusio
1084 853 1219 938 locum*
1238 851 1364 928 habuit
1398 855 1496 928 eirca
1520 880 1579 948 ω,

419 991 512 1068 quae
538 967 656 1042 littera
682 995 750 1072 pro
776 969 903 1044 ordine
928 967 1112 1072 alphabeti
1135 988 1264 1046 notare
1289 969 1424 1063 debet,
1443 998 1485 1046 uo
1505 997 1579 1050 sue·

418 1084 567 1185 pissime
591 1103 694 1162 notat
719 1091 792 1164 800
819 1085 881 1183 (⁹);
909 1105 947 1162 et
972 1089 1011 1162 in
1029 1088 1119 1166 locis
1140 1089 1229 1164 Gen.
1248 1116 1280 1163 v.
1300 1088 1337 1166 6.
1358 1115 1419 1166 22.
1445 1116 1494 1164 xr.
1521 1117 1575 1194 ¹7·

424 1231 479 1310 19.
509 1230 566 1278 ar.
595 1207 654 1280 23.
683 1205 743 1280 32.
762 1231 866 1282 xxxin
889 1207 944 1300 14.
961 1205 1045 1282 lot.
1065 1235 1135 1284 ω.
1154 1205 1363 1309 &designat
1382 1233 1579 1284 numerum

419 1349 503 1396 200.
531 1323 671 1424 Nempe
697 1347 936 1399 amanuenses
960 1321 1063 1398 facile
1087 1322 1355 1400 confundentes
1386 1309 1576 1428 antiquum

419 1442 562 1516 litterae
587 1467 609 1516 c
634 1446 726 1516 s'ima
751 1441 905 1516 sormam
924 1468 1008 1516 cum
1025 1441 1281 1518 illaelementi
1298 1469 1348 1539 ω,
1362 1441 1452 1518 duas
1470 1443 1578 1518 hasce

418 1559 555 1634 litteras
581 1562 631 1633 ita
657 1575 937 1660 permutarunt,
962 1576 1005 1635 ut
1029 1587 1097 1662 pr0
1123 1561 1377 1638 cvscriherent
1400 1588 1454 1653 ω,
1480 1561 1581 1664 quod

419 1693 580 1750 erratum
606 1676 765 1752 editores
791 1677 957 1754 codicum
981 1681 1312 1784 manuscriptorum
1345 1706 1422 1754 non
1452 1678 1578 1756 edver-

419 1811 536 1871 teutes
560 1796 666 1872 nobis
691 1795 927 1874 obtruserunt
945 1797 1166 1876 elementum
1184 1823 1215 1872 ω
1234 1825 1302 1902 pro
1319 1823 1473 1876 numero
1487 1825 1575 1876 200.

701 2035 728 2127 §
756 2033 789 2127 4.
819 2033 1024 2109 Getrinotio
1050 2034 1286 2130 Litterarum.

468 2269 578 2370 Copti
602 2267 741 2344 litteras
768 2268 977 2368 geminant,
1003 2265 1056 2340 sie
1082 2268 1267 2360 erimar,
1292 2277 1440 2361 Ῑωοπ,
1476 2281 1578 2366 lips,

421 2399 492 2460 ete.
519 2388 567 2458 At
592 2383 926 2487 saepe'simplicem
951 2409 1021 2484 pro
1046 2380 1228 2484 duplicata
1253 2381 1442 2477 scribunt,
1467 2388 1523 2461 uti
1542 2413 1579 2464 et

420 2530 488 2594 epe
512 2530 581 2606 pro
608 2529 665 2579 ete
685 2528 753 2593 epe
766 2503 860 2576 Lito.
881 2528 977 2578 xmv.
997 2501 1046 2574 32
1056 2556 1069 2595 ,
1086 2509 1266 2599 risuuouq
1285 2529 1354 2620 pro
1371 2511 1576 2605 firmueaq

421 2621 504 2696 Iob.
530 2649 589 2696 xx.
623 2621 687 2716 15,
713 2633 899 2712 funereum
933 2645 1001 2721 pro
1034 2631 1266 2712 fluorortusu
1297 2622 1380 2698 Act.
1406 2645 1470 2696 vu.
1504 2624 1580 2724 39,

420 2741 614 2832 Knffioots
639 2739 764 2816 attufit
782 2764 850 2840 pro
869 2737 1030 2812 ῑωωῆῐ
1047 2719 1133 2816 Act.
1152 2763 1211 2811 xv.
1237 2763 1275 2832 1,
1292 2764 1339 2814 τε
1359 2739 1486 2835 †cg‹tt
1508 2767 1578 2842 pro

420 2867 494 2934 τετ
518 2859 547 2932 Ι.
573 2855 657 2934 ΙόΙι.
674 2885 711 2932 11.
732 2884 773 2958 7,
790 2881 915 2937 εοτωτ
930 2881 996 2957 pro
1010 2879 1157 2931 εοοτωτ
1174 2855 1266 2928 Luc.
1286 2883 1366 2932 vin.
1385 2858 1445 2958 47.
1460 2859 1583 2950 Quare

421 2977 461 3050 in
486 2974 723 3078 Memphitieo
748 2975 893 3050 Psalmo
920 3001 943 3049 1.
963 2973 989 3050 6
1007 2997 1060 3048 an
1078 2997 1125 3048 ue
1141 2999 1207 3074 pro
1226 2998 1279 3047 au
1297 2977 1372 3049 tine
1383 2967 1582 3050 scribitur.

421 3093 501 3166 Nisi
519 3091 602 3166 huie
624 3093 897 3167 amanuensium
918 3091 1081 3164 incuriae
1098 3089 1263 3166 advertas
1280 3118 1374 3193 aque
1386 3091 1455 3166 tibi
1473 3082 1583 3196 saepe

423 3208 590 3285 haerebit
615 3211 653 3284 in
680 3209 840 3284 textibus
866 3206 1162 3310 interpretandis.

718 3449 744 3540 §
770 3444 804 3522 5.
831 3445 888 3520 De
913 3444 1035 3543 Signis
1059 3443 1283 3520 Diacriticis.

467 3683 661 3784 Signorum
674 3679 947 3761 diacritieorum
958 3681 1107 3756 nomine
1122 3681 1271 3756 veniunt
1283 3681 1427 3778 lineola,
1436 3699 1582 3785 puncta,

425 3807 598 3876 accentus
624 3797 894 3892 circumflexus,
919 3798 1180 3903 apostrophus,
1200 3825 1295 3902 quae
1314 3799 1449 3878 litteris
1468 3801 1582 3902 impo-

426 3932 579 3992 nuntur.
591 3955 594 3962 ·

468 4153 509 4223 (1)
527 4153 623 4224 Papyri
639 4153 735 4206 Graeci
754 4154 801 4207 eit.
819 4151 870 4206 loo.

469 4237 509 4307 (ἲ)
526 4238 687 4292 Rosallinius
704 4239 839 4291 Elementa
855 4237 960 4308 linquae
977 4236 1124 4309 Aegyptiae
1141 4253 1166 4307 p.
1184 4251 1204 4290 1.
1222 4237 1330 4292 litteras
1346 4247 1377 4296 ω
1393 4237 1510 4308 assignet
1525 4251 1576 4307 po·

435 4327 556 4374 testatem
574 4322 677 4374 numeri
694 4322 762 4389 7003
780 4338 935 4394 perperam,
955 4337 1015 4374 nam
1032 4327 1107 4374 notat
1124 4321 1175 4374 800
1193 4321 1255 4375 Ges.
1272 4323 1306 4375 V.
1333 4321 1373 4374 Π.
1401 4322 1449 4390 ts,
1468 4337 1504 4376 ex
1525 4337 1578 4392 quo

437 4408 569 4462 Geneseos
588 4407 674 4478 eapite
693 4406 818 4462 discimus
835 4422 973 4488 numerum
990 4405 1042 4461 '100
1059 4405 1190 4476 designari
1207 4405 1339 4462 elemento
1354 4403 1399 4496 111.
