3452 5460
435 407 465 476 8

424 503 583 624 perraro
609 517 780 594 lineolam
806 531 985 622 usurpant
1003 517 1128 608 media
1153 519 1192 595 in
1218 543 1333 618 voce,
1358 516 1602 626 Qcmudmo·

432 636 523 712 dum
546 639 586 712 in
611 639 824 732 unetd003
842 635 981 712 medias
1000 637 1097 714 enim
1112 636 1257 713 vocales
1275 637 1437 714 scribere
1455 653 1605 734 amant,

431 755 492 858 ipa
508 769 551 853 ut
576 773 705 846 eotttm
730 753 830 836 linea
855 753 1006 858 obliqua
1029 781 1141 858 supra
1167 755 1279 834 solum
1310 755 1467 861 primam
1505 781 1604 832 con-

429 897 556 950 sonrm
578 871 748 948 vocabuli
772 870 889 948 cadat.
916 875 1009 962 Sunt
1039 889 1159 950 tameo
1190 900 1277 950 rara
1311 873 1517 964 vocabula,
1554 873 1610 950 in

432 988 564 1092 quibus
588 1005 725 1076 eremit
749 987 967 1074 vocalis‘est
991 1014 1016 1076 o
1029 1043 1041 1084 ,
1073 991 1127 1078 sic
1157 991 1196 1080 in
1222 993 1317 1083 etilo,
1343 995 1439 1084 ufic,
1471 991 1603 1086 ῷῖιτε

430 1107 576 1184 videtur
596 1135 621 1186 o
641 1106 864 1213 supplenda,
883 1136 968 1184 cum
983 1108 1208 1212 Memphitac
1222 1110 1381 1184 scribant
1396 1133 1605 1207 contego,

432 1231 532 1303 ἠτοκ
555 1243 618 1322 tu,
643 1248 786 1336 moure
814 1239 900 1302 tres.
927 1226 972 1302 In
1003 1227 1136 1326 orfito
1168 1225 1280 1312 babet
1312 1251 1381 1332 pro
1411 1249 1603 1326 oronth

432 1341 687 1419 desiderantur
713 1367 738 1420 0
765 1351 804 1430 et
828 1367 866 1418 a.
979 1343 982 1352 ’

331 1499 349 1540 0
482 1461 656 1538 Lineolao
676 1461 862 1564 ,originem
886 1461 937 1536 ita
960 1452 1107 1540 mecum
1131 1477 1275 1563 reputo.
1307 1459 1391 1540 Non
1424 1483 1529 1538 secus
1554 1487 1604 1536 ac

432 1595 569 1684 puncta
593 1577 779 1654 diacritica
796 1577 1049 1656 Hebraeorum
1064 1636 1076 1674 ,
1095 1579 1292 1686 Syrorum,
1308 1595 1418 1683 atque
1434 1578 1604 1656 Arabum

432 1697 580 1776 novitia,
594 1713 701 1794 sunt,
726 1699 776 1771 ita
801 1697 933 1772 lineola
957 1725 979 1772 a
1003 1699 1132 1801 Captis
1158 1697 1328 1802 usurpari
1352 1697 1491 1800 coepit,
1510 1723 1603 1774 cum

432 1817 577 1916 linguae
603 1816 681 1888 iam‘
700 1813 902 1892 'decidentis
928 1817 1024 1892 iusta
1048 1815 1308 1920 pronunciatio
1331 1814 1411 1890 risa
1434 1813 1506 1890 snit
1526 1813 1600 1890 uli·

434 1960 508 2037 quo
534 1929 637 2034 signo
663 1930 838 2040 trotondt.¹
859 1933 977 2008 Porro
1002 1957 1047 2007 ex
1070 1933 1255 2034 vocalibus
1273 1931 1362 2006 alias
1379 1931 1490 2034 plene
1508 1931 1599 2008 elle·

433 2049 591 2145 rebant,
618 2049 704 2126 alias
729 2065 831 2124 muto
857 2045 967 2146 son03
993 2051 1132 2155 primas
1157 2047 1328 2124 Thebani
1349 2052 1603 2153 scripserunt,

433 2169 521 2246 alias
545 2169 681 2246 lineola
708 2169 876 2270 imposita
901 2167 1118 2247 indicarunt.
1144 2166 1307 2242 Dixerim
1332 2167 1503 2244 lincolam
1527 2168 1600 2244 Co·

432 2287 581 2390 ptorum
605 2285 898 2389 responderem}
923 2287 1037 2364 Sceva
1062 2285 1344 2379 Hebraeorum,
1383 2301 1542 2390 utraque
1577 2313 1602 2364 e

432 2423 575 2510 mutam
600 2403 775 2507 designat·
800 2402 922 2485 Semel
947 2430 990 2492 ac
1014 2429 1099 2478 vero
1125 2403 1260 2507 lineola
1284 2405 1325 2478 in
1350 2398 1517 2482 moribus
1542 2406 1604 2488 in·

433 2521 543 2599 ducta
567 2521 638 2598 fuit
649 2581 661 2618 ‚
687 2511 809 2626 coepit
834 2524 946 2599 etium
970 2521 1130 2618 abusus,
1164 2524 1204 2597 in
1243 2549 1316 2627 quo
1351 2519 1498 2598 codices
1534 2547 1599 2598 se·

434 2643 571 2746 quictis
609 2641 689 2728 oevi
699 2699 713 2737 ‚
752 2667 794 2726 ac
835 2643 1047 2743 praesertim
1084 2638 1316 2745 Memphitici
1328 2695 1342 2738 ‚
1380 2639 1602 2720 incredibile

433 2763 536 2838 dictu
560 2779 738 2864 quantum
764 2761 1007 2836 luxurientur.

482 2883 687 2986 Pleraeque
714 2879 857 2956 litterae
883 2878 1034 2956 serviles
1059 2875 1212 2955 vocibus
1237 2875 1441 2983 praefixae,
1467 2893 1510 2954 ut
1537 2879 1601 2956 vel
1651 2929 1656 2946 ·

431 3025 623 3094 numerus,
659 2997 720 3072 vel
752 3023 856 3079 casus
892 2997 1075 3081 indicetur
1086 3055 1098 3093 ,
1137 3013 1224 3074 sunt
1259 3023 1440 3074 consonae
1466 3024 1551 3072 cum
1575 3025 1604 3082 c,

433 3133 535 3196 muta
559 3115 762 3194 efferendae
772 3173 785 3214 ,
810 3109 867 3190 uti
891 3111 920 3192 ‘n
932 3173 944 3212 ‚
968 3129 1035 3210 ἐς
1068 3139 1181 3218 quare
1218 3139 1328 3195 notor
1363 3120 1453 3218 ipsis
1490 3113 1600 3192 facile

435 3232 673 3333 distinguitur
696 3233 742 3308 ab
768 3242 878 3316 timor
900 3237 1063 3333 gloriam
1089 3231 1188 3335 quod
1214 3250 1270 3310 est
1290 3232 1340 3308 ab
1361 3257 1444 3309 root·
1457 3237 1599 3332 glorio,
1668 3282 1670 3286 -
1712 3227 1713 3308 l

434 3349 593 3456 praefixa
614 3361 747 3428 tincta
761 3351 968 3434 accusativi.
989 3350 1097 3444 Quod
1117 3375 1240 3426 secum
1258 3367 1469 3455 reputantes
1482 3353 1600 3435 Mem·

434 3468 558 3572 phitae
585 3471 833 3556 existimarunt
858 3468 1114 3572 percommode
1131 3470 1375 3574 grammaticis
1392 3469 1598 3546 rationibus
1712 3491 1713 3506 ¹

435 3616 456 3666 a
481 3615 525 3674 se,
546 3591 734 3693 provisum
759 3589 832 3683 iri,
850 3589 883 3672 si
899 3603 1037 3664 ceteras
1056 3589 1148 3676 item
1166 3588 1306 3664 litteras
1324 3587 1494 3683 serviles,
1513 3586 1599 3664 licet

436 3707 602 3803 vocales,
629 3707 709 3810 pari
734 3706 867 3782 lineola
891 3706 1119 3808 insignirent.
1138 3704 1394 3798 vQuamobrem
1419 3733 1441 3784 e
1468 3705 1598 3782 servite

433 3824 630 3925 praefixum
663 3841 791 3900 notans
830 3825 1100 3919 accusativum,
1137 3823 1198 3898 vel
1228 3824 1304 3918 od,
1330 3821 1376 3898 ab
1389 3877 1402 3917 ,
1433 3829 1499 3927 qui
1524 3840 1595 3900 etc.
1633 3863 1637 3870 ·

433 3943 565 4022 lineola
590 3941 836 4018 distinxerunt
860 3942 1065 4028 scribentes
1090 3945 1189 4042 tpoq
1203 3995 1215 4034 ‚
1241 3943 1351 4034 ὲῦολ,
1377 3943 1541 4037 coron,
1561 3957 1599 4018 et

434 4059 503 4132 alia
529 4078 708 4138 sexcenta.
733 4060 837 4138 Idem
861 4077 1074 4140 statuerunt·
1094 4059 1140 4136 de
1166 4083 1194 4136 <t
1219 4055 1422 4162 praefixum
1439 4057 1597 4160 impera·

433 4178 524 4268 tivi,
560 4177 620 4253 vel
645 4180 862 4281 praeteriti,¹
897 4177 1003 4258 εἰπάν
1025 4179 1142 4272 vide,
1161 4176 1297 4266 dorum
1321 4183 1445 4279 apert,
1470 4175 1498 4251 d
1522 4174 1597 4252 ruffi

434 4318 583 4386 eporpo
609 4299 789 4374 Dominus
814 4302 989 4398 regnarit.
1028 4294 1167 4384 Deinde
1208 4293 1254 4370 ab
1295 4321 1371 4373 uno
1408 4292 1454 4367 ad
1483 4293 1597 4372 alium

433 4437 540 4490 usum
568 4415 737 4510 servilem
764 4414 915 4518 digressi
939 4415 1071 4508 lineola
1096 4416 1204 4491 etiam
1231 4427 1407 4506 notarunt
1425 4439 1447 4492 e
1463 4411 1598 4508 futuri,
