3452 5460
409 429 431 480 r

403 517 1075 602 diversumsermoneoAEstmeeoua
1087 523 1560 629 niperstitiosisbegyptiae

401 641 600 742 impietatis
626 638 736 740 signis
762 663 852 712 nova
877 635 1012 714 Christi
1036 639 1125 716 scita
1142 638 1347 736 foedarent,
1362 658 1561 745 potuerunt

403 759 550 860 quidem
575 756 806 858 alphabetum
832 759 989 830 mutuari
1014 783 1059 831 ex
1085 783 1127 832 ea
1151 760 1319 852 natione,
1346 785 1441 864 quae
1460 762 1557 862 ipsos

402 873 635 978 Evangelium
660 874 803 968 docuit,
823 894 903 948 tum
919 873 1060 975 aliquot
1078 875 1253 950 vocabula
1269 877 1443 978 probare,
1463 905 1557 980 quae

311 1031 314 1038 ·
403 1019 514 1067 novas
542 990 763 1097 Christianae
790 993 975 1094 religionis
1000 989 1098 1067 ideas
1123 995 1381 1094 exprimerent3
1408 995 1473 1070 sad
1494 997 1561 1072 lin·

402 1137 511 1212 guam
535 1111 683 1184 omnino
709 1113 902 1184 immutare
928 1109 967 1183 id
992 1135 1103 1212 supra
1133 1105 1242 1186 fid'em
1267 1137 1309 1184 ac
1341 1139 1461 1192 mores
1492 1113 1561 1188 hu·

402 1253 527 1303 manos
553 1247 617 1304 cst·
643 1227 752 1322 Quod
777 1229 808 1304 si
833 1244 1059 1323 mutassent,
1086 1229 1217 1330 utique
1244 1257 1328 1305 curn
1354 1255 1481 1332 graeco
1508 1232 1558 1305 al·

401 1346 560 1448 phabeto
586 1373 754 1448 graecam
776 1348 882 1421 etiam
900 1347 1059 1450 linguam
1078 1347 1320 1448 probassent3
1337 1376 1414 1422 non
1433 1348 1562 1452 proba·

399 1481 515 1559 runt,
542 1491 627 1566 ergo
652 1468 802 1568 antiquo
828 1489 1047 1566 proavorum
1071 1463 1237 1538 idiomati
1263 1489 1411 1568 semper
1427 1465 1560 1542 adbae-

403 1596 542 1656 serunt.

452 1680 549 1773 Huic
577 1697 784 1800 cognationi
810 1723 892 1772 cum
919 1699 1097 1801 Aegyptio
1122 1724 1288 1774 sermone
1318 1701 1487 1775 universa
1507 1704 1562 1776 ni-

402 1817 492 1890 titur
517 1815 783 1890 commendatio
805 1814 918 1890 studii
948 1818 1120 1919 Copticae
1148 1817 1311 1918 linguae;
1343 1817 1562 1896 confidimus

401 1936 499 2009 enim
524 1933 620 2029 sore,
650 1949 692 2008 ut
721 1959 762 2008 ex
793 1936 997 2038 cognitione
1028 1937 1246 2010 recentioris
1275 1936 1452 2010 sermonis
1477 1951 1559 2011 tan·

337 2109 338 2112 ,
403 2051 487 2126 dem
503 2051 698 2154 aliquando
728 2077 954 2155 assurgamus
979 2051 1026 2126 ad
1055 2068 1213 2128 veterem
1244 2052 1465 2154 Aegyptium
1494 2051 1559 2127 de·

402 2168 606 2272 tegendum.
634 2168 707 2276 Sed
731 2169 936 2279 linguarum
962 2172 1114 2244 affinitas
1133 2195 1183 2278 ,9¹
1200 2170 1328 2278 intime
1350 2174 1560 2284 grammati·

403 2313 528 2366 cortun
558 2272 702 2380 indole,
717 2301 720 2310 ¹
734 2311 777 2362 ae
807 2287 1066 2366 vocabulorum
1095 2287 1296 2390 originibus
1330 2275 1562 2365 diiudicanda

403 2418 461 2486 est
472 2461 488 2500 ,
509 2429 586 2484 non
610 2429 697 2480 vero
724 2429 767 2480 er
791 2406 943 2480 minutis
972 2407 1160 2481 nominum
1185 2405 1457 2512 somnumque
1484 2409 1563 2484 loi-

402 2522 500 2616 mis,
525 2535 590 2598 out
612 2521 863 2596 accidentibus
874 2580 886 2624 ,
916 2547 1014 2624 quae
1043 2523 1150 2626 longe
1181 2523 1259 2604 dies
1290 2551 1428 2600 nouere
1458 2527 1560 2604 solet.

402 2641 525 2740 Quare
551 2666 594 2716 co
619 2655 789 2742 spectans
816 2637 985 2742 equidem
1009 2625 1204 2746 Coptioutn
1220 2644 1384 2750 bexice'n
1403 2643 1561 2720 tonden-

402 2755 491 2840 dum
515 2783 595 2836 esse
620 2759 744 2832 censui
769 2757 815 2834 ad
841 2757 1006 2836 ordinem
1023 2760 1318 2868 etymologicum
1336 2777 1413 2838 tum
1433 2759 1562 2838 eadem

401 2881 444 2950 in
466 2878 648 2954 sententia
672 2891 843 2980 perstans
861 2879 1147 2956 Gmmmatioem
1164 2903 1299 2954 censeo
1315 2882 1366 2952 ita
1384 2905 1462 2956 esse
1479 2895 1566 2954 con·¹

402 2995 645 3089 cinnandam,
671 3011 716 3070 ut
738 2997 907 3072 intimum
932 2997 1115 3072 idiomatis
1147 2997 1336 3097 ingenium
1365 2998 1405 3072 in
1434 3015 1564 3100 aperto

402 3129 572 3214 penaten.
595 3117 789 3216 Aucupent
815 3113 875 3186 elii
900 3116 1068 3190 minimas
1095 3139 1263 3216 quasque
1278 3115 1485 3217 scripturae
1499 3102 1561 3190 va·

402 3229 581 3323 ueteres,
604 3247 711 3334 atque
737 3231 957 3326 anomaliae,
984 3259 1072 3340 quas
1089 3233 1146 3308 rel
1165 3235 1440 3338 amanuensium
1459 3236 1563 3337 igno·

402 3347 545 3440 cantia,
570 3349 632 3424 tel
655 3351 805 3453 sequior
826 3367 925 3426 actes
954 3351 1117 3446 invexit3
1147 3351 1222 3426 sint
1250 3351 1305 3424 illi
1335 3351 1536 3428 beatissimi
1547 3373 1575 3445 ,¹

402 3489 472 3568 per
495 3491 556 3540 me
582 3467 679 3542 enim
706 3468 818 3563 lieet,
844 3469 874 3546 si
898 3493 992 3544 notu
1017 3465 1178 3546 derivata
1204 3468 1434 3564 invenerint3
1454 3470 1485 3545 si
1508 3471 1562 3544 in·

402 3581 567 3660 tisiutas
590 3611 721 3662 vocum
745 3585 882 3664 forinas
904 3591 942 3662 in
966 3587 1167 3664 recentiore
1194 3587 1319 3689 aliquo
1339 3603 1381 3662 et
1397 3603 1438 3660 ut
1456 3613 1561 3662 men·

402 3699 491 3778 doso
516 3701 641 3778 codice
671 3703 899 3796 detexerint,
929 3706 968 3780 in
1002 3706 1126 3807 iisque
1155 3704 1363 3808 colligendis
1401 3705 1559 3780 nominis

401 3821 714 3898 immortalitatem
726 3822 799 3900 sibi
819 3821 1012 3926 acquirere
1026 3821 1270 3901 blandiantur.
1291 3827 1368 3926 Ego
1384 3849 1473 3896 vero
1491 3822 1560 3896 boc

402 3941 556 4016 maxime
581 3941 770 4043 negotium
795 3939 885 4014 mibi
910 3944 1146 4041 grammatico
1174 3941 1300 4018 elatum
1325 3967 1407 4016 esse
1423 3941 1560 4031 censui,

402 4069 447 4134 ut
476 4057 742 4158 penitissimum
771 4057 914 4160 linguae
946 4062 1241 4134 constitutionem
1272 4085 1316 4136 ec
1348 4083 1563 4162 germaium

374 4265 378 4274 Ι
401 4171 565 4249 habitum
589 4191 818 4282 retegerern,
846 4175 984 4250 scilieet
1004 4187 1222 4279 erponem
1240 4176 1424 4254 doctrines
1442 4173 1559 4248 adbuc

392 4305 566 4369 *retrusas
577 4349 589 4386 ‚
614 4291 712 4396 quod
736 4293 943 4374 luculenter
965 4295 1104 4398 patebit
1129 4321 1174 4374 es
1197 4296 1407 4375 recensione
1425 4297 1560 4372 Gram-

401 4408 617 4492 maticorum
642 4409 832 4516 bucusque
858 4411 1051 4490 editamm.
1224 4425 1225 4430 ‘
