3452 5460
437 507 591 586 censius
612 503 650 580 iu
672 503 763 600 §de
784 509 995 609 Compositis
1017 531 1101 582 eum
1130 509 1338 584 Paracata.
1366 505 1478 586 Hisce
1507 508 1597 588 adde

437 625 640 728 composita
666 649 751 699 cum
776 651 842 718 er,
867 651 934 724 eq,
960 651 1022 720 ec,
1048 651 1113 720 er,
1140 643 1225 700 suut
1248 630 1346 704 enim
1377 631 1574 734 participia
1587 687 1599 726 ,

436 741 493 816 rel
518 739 715 838 adiectiva3
741 767 789 818 ετ
819 749 886 845 qui
918 741 1052 818 format
1082 745 1300 846 participia,
1331 745 1392 820 vel
1424 746 1600 824 adiectivt

434 861 628 963 utriusque
655 860 799 962 generis
826 876 865 936 et
889 863 1053 956 numeri,
1079 887 1254 960 ernoqpe
1281 863 1325 936 T.
1351 869 1478 960 uu'lrs,
1497 872 1601 942 utiler

433 1003 606 1077 anoqpe
633 983 788 1072 muas,
814 981 963 1056 ercor'ir
989 979 1035 1054 Τ.
1065 983 1224 1074 electus,
1249 1007 1292 1074 a,
1319 987 1350 1075 ι’,
1382 1009 1426 1056 αε
1452 1009 1474 1056 a
1498 987 1601 1060 cor-n

430 1099 572 1196 eligere.
597 1095 696 1170 Tum
721 1121 769 1194 eq
795 1111 850 1172 est
874 1093 1029 1198 praefixa
1054 1096 1147 1202 sing.
1167 1123 1299 1193 masc„
1320 1124 1364 1174 ec
1384 1101 1477 1203 sing.
1494 1099 1598 1195 fem„

430 1237 479 1290 er
503 1213 600 1318 plur.
616 1240 726 1310 com,
753 1214 806 1288 sic
831 1240 1005 1312 eqnoqpe
1032 1220 1132 1290 utilis
1157 1243 1226 1310 m.,
1244 1240 1415 1314 ecuoqpe
1435 1223 1535 1294 utilit
1554 1219 1598 1312 i,

429 1356 603 1430 ernoqpe
630 1337 755 1426 utiles,
784 1334 934 1430 eqcor‘n
958 1335 1110 1427 electus,
1128 1337 1276 1411 εοοοτῖι
1292 1339 1405 1410 electa
1415 1391 1428 1430 ,
1446 1339 1598 1414 ercofn

427 1453 549 1546 electi,
570 1477 623 1524 ae.
644 1449 737 1524 Sunt
756 1449 824 1524 alia
842 1447 1036 1546 adiectiva,
1055 1477 1147 1554 quae
1165 1451 1440 1554 distinguuntur
1460 1479 1503 1528 ex
1521 1455 1594 1530 sus·

426 1565 524 1664 fixis,
550 1567 773 1670 quibuscum
799 1583 1085 1672 componuntur3
1110 1568 1175 1644 sed
1200 1567 1244 1644 de
1270 1569 1325 1648 his
1351 1569 1450 1648 alius.

765 1809 791 1902 S
819 1833 852 1880 2.
883 1805 1010 1880 Genus
1036 1805 1241 1884 Nominum.

427 2103 432 2114 .
477 2039 637 2116 Pluralia
651 2040 789 2116 nullam
807 2039 943 2118 habent
959 2041 1103 2142 generis
1119 2039 1370 2116 differentiam.
1386 2041 1592 2144 singularia

423 2185 511 2235 vero
537 2175 623 2235 sunt
647 2160 708 2234 vel
734 2159 957 2251 masculina,
984 2159 1040 2232 vel
1064 2158 1253 2254 feminina3
1280 2186 1364 2233 nam
1392 2161 1503 2262 Copti
1528 2188 1588 2235 ca·

421 2294 507 2353 rent
531 2294 682 2374 neutro,
701 2279 803 2352 cuius
819 2278 900 2352 rice
919 2275 1136 2381 plerumque
1157 2275 1333 2351 adhibent
1351 2277 1583 2372 femininum,

422 2396 474 2469 sic
499 2419 623 2470 neuen
648 2420 723 2470 nuc
750 2421 797 2469 ue
823 2394 917 2468 bona
943 2393 1137 2494 (bonum)
1161 2401 1196 2468 ei
1218 2411 1292 2488 est,
1310 2397 1581 2498 ucmmnrfizeui

423 2513 440 2612 (
453 2513 617 2614 factum)
642 2531 712 2608 est,
740 2519 898 2611 contigit.
925 2513 980 2588 Ut
1003 2515 1291 2616 praetermittam
1321 2539 1455 2616 genus,
1488 2515 1586 2618 quod

420 2632 587 2707 vocabuli
599 2630 850 2736 significationi
863 2628 1052 2726 adhaeret,
1066 2632 1120 2704 uti
1137 2627 1264 2726 homa,
1278 2639 1450 2726 meritur,
1467 2660 1585 2728 uxor,

419 2768 534 2826 mater
558 2769 648 2847 ete,
674 2753 728 2824 aio
745 2749 1053 2826 substantivorum
1074 2773 1188 2850 genus
1214 2775 1256 2824 ex
1273 2751 1378 2852 praxi
1399 2749 1585 2826 addiscen-

420 2866 507 2944 dum
534 2895 622 2946 esse.
644 2870 737 2946 Sunt
756 2881 878 2942 tamen
894 2865 1072 2941 nonnulla
1087 2869 1236 2942 nomina
1254 2883 1355 2942 certo
1375 2872 1506 2969 generi
1527 2871 1586 2944 ad·

421 2987 537 3082 dicta;
564 2989 615 3062 sic
643 2987 844 3091 composita
869 3011 954 3058 cum
972 2985 1152 3087 particula
1168 2987 1261 3062 ‚Ta-r
1281 2987 1326 3079 T,
1350 2985 1408 3060 vel
1423 3013 1514 3063 uer
1535 2991 1583 3061 M.

420 3108 541 3178 omnia
568 3121 651 3180 suut
676 3104 869 3197 feminina3
896 3103 1095 3202 composita
1121 3129 1204 3178 cum
1230 3109 1294 3180 sm
1321 3103 1464 3196 Saidieo
1497 3107 1584 3182 item

419 3237 507 3295 sunt
529 3221 703 3294 feminina
716 3275 728 3315 ,
755 3235 791 3294 at
815 3247 900 3294 cum
924 3243 993 3295 zm
1018 3217 1255 3324 Memphitica
1282 3238 1369 3294 sunt
1392 3223 1582 3297 maximam

354 3341 357 3346 ’
416 3353 562 3440 partem
586 3337 796 3413 masculina.
816 3338 1010 3412 Praeterea
1031 3341 1231 3440 composita
1250 3365 1334 3413 cum
1357 3339 1514 3440 praefixo
1533 3368 1580 3439 eq
1710 3337 1711 3340 '

418 3474 504 3532 sunt
520 3457 736 3551 masculina,
757 3481 840 3530 cum
859 3481 902 3530 ec
920 3453 1117 3552 feminina,
1136 3459 1189 3529 uti
1214 3461 1402 3554 eqorwuic
1416 3464 1579 3561 amplus,
1605 3547 1607 3550 Ι
1710 3441 1711 3508 ἒ

417 3578 600 3670 εοοτωιῇο
624 3579 763 3678 ampla,
784 3573 881 3676 idem
900 3573 1045 3647 dicatur
1064 3573 1110 3648 de
1129 3573 1341 3672 adiectivis‚
1362 3602 1501 3676 quaeq
1520 3577 1580 3652 vel

416 3721 438 3770 c
464 3697 634 3798 suffigunt
658 3696 696 3767 in
722 3692 815 3785 fine,
842 3707 1002 3788 nunorq‘
1026 3691 1163 3787 bonus,
1180 3717 1334 3770 nanone
1355 3692 1460 3769 bone.
1476 3693 1574 3768 Tan-

368 3837 370 3842 ·
416 3811 500 3888 dem
513 3829 597 3888 sunt
615 3811 755 3915 aliquot
770 3811 935 3904 nomina,
954 3835 1048 3912 quae
1058 3868 1071 3905 ,
1088 3825 1228 3884 mutata
1244 3811 1378 3905 forma,
1399 3840 1420 3885 a
1438 3838 1577 3887 mascu-

413 3931 489 4006 lino
515 3935 553 4006 in
578 3931 791 4006 femininum
817 3943 1017 4002 transeunt.

427 4109 430 4116 .
518 4060 562 4124 t.⁰
588 4050 626 4124 Si
652 4048 851 4124 masculino
878 4043 988 4120 addas
1014 4045 1065 4150 T.
1086 4072 1106 4122 e
1115 4105 1127 4142 ,
1152 4049 1191 4122 et
1215 4048 1266 4120 M.
1293 4049 1334 4121 B.
1363 4075 1395 4144 ι,
1421 4047 1576 4125 fitfemi·

401 4165 537 4242 ninum
554 4196 562 4239 :
1185 4197 1188 4204 ·
1397 4251 1403 4260 ⁵

563 4285 605 4358 Τ.
631 4311 735 4376 Qun
760 4309 880 4377 secer,
908 4307 1030 4374 mune
1057 4307 1207 4372 socrus,
1232 4283 1281 4354 M.
1309 4306 1427 4374 autum

629 4412 750 4494 antean
776 4410 915 4500 socius,
942 4411 1086 4498 gudeepe
1113 4407 1234 4494 socia,
1260 4401 1310 4488 Μ.
1342 4405 1468 4501 ῳφιίρε
1494 4454 1497 4459 -
1559 4440 1605 4502 a,
