3452 5458
1208 427 1279 530 ιιι

122 549 222 648 loqui
246 565 370 619 soram
393 547 451 619 nie
475 541 605 619 iubebo
631 559 732 620 tuam
756 541 923 700 iirtguam
947 549 1110 624 evelli..
1127 559 1280 678 minues

63 667 352 764 enimqui..
369 661 721 740 mimimo...

27 775 36 786 ’
169 782 277 892 (Cui.
294 771 347 854 ita
370 781 563 883 reposuit)
588 757 673 855 da
693 713 900 860 Colatlius.
908 715 1046 858 Gloria
1068 804 1146 855 mea
1162 797 1199 855 et
1213 788 1278 856 eo-

121 911 210 974 rona
234 901 311 972 mea
329 885 509 974 Dominu's
525 915 587 973 est.
646 897 705 973 a'm
722 882 897 1002 seriptum
912 916 984 974 est:
997 901 1142 976 Nostra
1155 900 1280 974 civius

121 1023 156 1102 ιἰι
177 1022 298 1118 coelis
311 1033 393 1112 est,-
420 1018 516 1104 unde
539 1033 792 1118 expectamus
796 1023 1008 1093 salvatorem
1022 1023 1191 1092 nostrum
1204 1017 1280 1091 Do-

120 1141 252 1210 minum
275 1074 424 1242 iesum,
446 1161 524 1264 qui
508 1135 731 1210 immutabit
748 1159 917 1244 eorpus
901 1133 1117 1210 humilitatis
1133 1149 1281 1209 nostrae

121 1259 155 1325 in
179 1234 446 1330 militudinem
464 1255 631 1357 eorporis
645 1282 673 1354 g
673 1257 800 1331 tortae
806 1281 907 1366 suae
912 1253 976 1350 (¹),
995 1271 1038 1328 ut
1048 1251 1150 1328 oculi
1162 1258 1280 1328 nostri

121 1375 249 1446 lumen
261 1357 453 1475 accipianl.
549 1365 553 1372 ’

163 1490 355 1592 Reponens
365 1491 528 1564 Asianus
542 1489 652 1563 dixit.
665 1489 718 1563 Es
731 1516 778 1564 ne
792 1490 981 1586 diaconus,
993 1441 1278 1593 autpresbyter?

121 1605 182 1680 lios
206 1614 304 1681 enim
328 1633 513 1683 sermones
537 1615 736 1756 eapromis.
762 1611 836 1684 Dic
853 1607 942 1682 ιιιίΙιί
956 1633 1134 1712 quaenam
1151 1611 1198 1679 sit
1213 1631 1277 1678 ars
1374 1674 1380 1694 .

122 1740 206 1798 tua.
1392 1732 1395 1740 '

163 1837 367 1944 Respondit
390 1841 549 1943 ApaCo
550 1839 696 1916 lsutlnn
712 1844 757 1916 ln
773 1841 846 1916 Ιιοο
863 1843 1000 1916 mundo
1013 1842 1179 1945 equidem
1195 1867 1277 1915 sum

120 1962 275 2033 medicus
301 1959 348 2033 ab
374 1961 620 2033 adolescentia
646 1985 774 2034 mea..
791 1965 982 2036 D.eus.
998 1957 1144 2033 ..milii
1166 2012 1277 2032 .....
1393 2026 1399 2039 ,

120 2083 247 2152 servire
264 2132 375 2158 .....
391 2064 504 2154 Deus.
529 2081 612 2178 Ego
639 2077 872 2212 Clnistimus
890 2085 1003 2156 servio
1022 2079 1111 2153 Iesu
1128 2076 1276 2150 Christo

121 2197 374 2270 Dominomeo

166 2317 277 2396 Diuit
301 2320 335 2389 ei
358 2315 549 2388 Asianus:
575 2313 749 2410 Sacrifica
778 2313 975 2408 Collutlie,
999 2339 1046 2387 aa
1077 2319 1131 2387 tui
1164 2316 1278 2414 ipsius

121 2415 296 2507 miserere.
325 2433 456 2505 Omnes
481 2447 516 2506 te
541 2434 694 2506 videant
724 2433 812 2506 bene
837 2433 1023 2506 addietum
1048 2431 1150 2504 bonis
1179 2436 1279 2504 insti·

121 2555 207 2622 tuu's.
238 2553 301 2623 Tu
326 2554 419 2624 enim
443 2551 536 2624 nilzil
560 2550 690 2624 dedisti
714 2550 938 2625 Ritetoribus
963 2547 1004 2618 (²)
1030 2556 1097 2650 qui
1112 2549 1275 2642 adstant,

121 2681 158 2737 ut
176 2693 246 2768 pro
274 2683 312 2741 te
337 2669 616 2742 decernentem
639 2693 733 2742 oero
758 2695 880 2742 omnes
906 2669 1001 2740 idem
1027 2671 1190 2741 sentiunt
1214 2664 1275 2760 (³),

120 2781 215 2859 laud
235 2813 367 2860 eorum
387 2793 547 2886 gratiam
571 2780 750 2882 invenies,
776 2803 817 2860 ut
837 2812 911 2886 pro
937 2801 973 2859 te
996 2791 1209 2886 loquantur.

164 2905 362 3008 Respondit
383 2905 466 3008 Apa
495 2904 703 2978 Colutlius:
727 2905 906 3006 Equidem
930 2929 1004 2977 non
1033 2908 1078 2976 iis
1108 2904 1274 3002 indigeo,·
1368 2901 1370 2903 ’

121 3019 202 3095 ιιιῚιί
213 3028 311 3096 enim
335 3024 437 3100 adest
462 3025 640 3100 Dominus
666 3049 767 3098 meus
794 3025 896 3097 Iesus
923 3021 1095 3095 Christus
1117 3047 1191 3122 pro
1216 3047 1273 3093 me

121 3137 316 3215 decertans.
353 3143 483 3215 Omnia
518 3159 584 3215 tua
616 3157 794 3215 tormenta
817 3165 944 3214 coram
970 3143 1142 3241 exposita
1169 3137 1277 3212 mlu’li

123 3250 238 3332 liabeo.
254 3258 440 3361 Supplicia
453 3265 548 3332 enim
562 3266 683 3333 omnia
702 3313 837 3335 ......
851 3257 988 3334 athleta
1006 3265 1183 3332 eoronam
1201 3284 1274 3356 non

122 3382 247 3478 accipit
259 3433 272 3468 ,
298 3384 369 3450 nisi
391 3395 536 3451 strenue
556 3393 710 3477 pugnet.

169 3495 363 3598 Confestim
373 3497 521 3570 Praeses
530 3502 634 3569 iussit
645 3481 1032 3570 SanetumErmetario
1041 3492 1274 3597 (lisuspendi

124 3612 277 3687 radendo
302 3613 519 3708 dilacerari,
536 3631 646 3716 atque
662 3619 809 3688 aculeos
822 3619 857 3687 ei
867 3614 1060 3688 admoveri.
1076 3616 1170 3688 Cum
1183 3639 1275 3686 uero

162 4012 200 4084 (¹)
216 4013 331 4086 Philipp.
349 4027 391 4070 ιιι.
409 4015 454 4068 90.

163 4096 201 4169 (2)
219 4099 330 4153 Scilicet
346 4100 464 4171 patronis
480 4113 627 4156 causarum.

162 4180 200 4252 (3)
217 4184 346 4255 Compara
362 4196 404 4261 g!
423 4192 599 4260 neve-:pivs
615 4183 643 4238 in
660 4189 737 4239 textu
753 4182 888 4238 Thebaico
903 4181 965 4236 Act.
981 4183 1077 4254 Apost
1093 4197 1124 4236 ιι.
1144 4183 1167 4236 1.

164 4263 201 4336 (4)
217 4270 359 4338 Perpemm
372 4270 501 4339 Georgius
518 4269 576 4339 pig.
589 4283 658 4322 mn
672 4285 794 4341 griseum
811 4269 1010 4363 ερμηταρῑον
1021 4266 1266 4322 caldariumroddii

134 4343 210 4400 Recte
227 4353 343 4421 ignatius
360 4353 436 4406 Romi
453 4354 599 4424 Etymalaq.
616 4353 750 4424 Aeqypna
724 4371 795 4405 sacae
813 4369 871 4422 pag.
891 4352 940 4405 198
963 4352 1153 4422 interpretatur
1169 4353 1268 4424 tynum

137 4447 167 4482 tx
183 4451 229 4504 quo
246 4455 282 4488 ιιι
280 4428 452 4508 'flaqelianli
468 4448 515 4491 aut
531 4439 594 4492 aliis
610 4439 678 4492 mali
677 4457 690 4491 ι
707 4439 843 4491 cruciandi
860 4435 1089 4510 suspendebantu-
