3452 5460
420 433 464 483 to

412 519 422 564 ⁵
445 528 479 622 S⁴
499 527 533 628 7.
552 523 720 620 Plateia,
744 547 811 599 seu
838 520 1062 632 Thebaicum
1087 535 1118 620 i,
1139 541 1181 602 ct
1205 527 1482 636 Mepphiticum
1509 535 1532 604 l.
1564 545 1568 558 “

461 759 543 833 Solu
568 757 691 834 littera
713 759 803 866 'lota
831 761 986 862 -punc'tis
1023 761 1218 866 insigru'tur
1230 819 1242 858 ‚
1278 761 1398 866 iisque
1432 761 1574 842 duobus

411 878 510 980 apud
534 877 728 953 Thebanos
755 877 897 980 quoties
923 879 1039 982 posito
1065 894 1149 980 post
1173 879 1279 954 oliam
1303 881 1468 956 vocalem
1486 909 1573 956 cum

410 1021 453 1070 ea
477 1021 553 1072 nou
580 995 775 1093 coalescit,
799 1010 843 1069 ut
873 994 1139 1100 diphthongum
1157 1037 1160 1044 ·
1177 999 1333 1093 efficiat3
1372 999 1423 1073 sic
1460 1000 1573 1074 etiam

410 1114 542 1190 Grae'ci
567 1119 618 1208 oi,
645 1119 683 1188 αἵ
704 1112 870 1190 scribunt
880 1100 899 1209 ‚¹
919 1129 958 1190 et
982 1115 1114 1190 Latini·
1128 1123 1191 1212 οέ,
1216 1123 1271 1224 ab.
1297 1117 1375 1194 Iota
1392 1142 1481 1192 vero
1496 1143 1574 1194 non

285 1243 287 1251 '
408 1231 726 1337 diphthongescit‚
759 1243 763 1256 '

514 1361 560 1428 ¹.⁰
584 1352 738 1444 Quoties
764 1364 821 1426 est
843 1343 986 1426 affixum
1003 1351 1143 1452 primae
1158 1376 1339 1456 personae
1359 1352 1571 1454 singularis,

410 1468 529 1546 sicin
561 1477 623 1563 ei,
657 1477 744 1563 nei,
776 1476 816 1544 cti
854 1466 1025 1571 praefixis
1063 1468 1299 1574 verbor-emp
1324 1471 1365 1544 in
1398 1481 1570 1565 mpoi,

407 1596 566 1664 ercoboi
591 1601 661 1662 ete.
699 1588 834 1663 suffixis
869 1587 1096 1681 verborum,
1122 1589 1160 1662 in
1186 1597 1273 1680 epol·
1284 1646 1297 1687 ,
1322 1597 1416 1685 ncti,
1446 1599 1571 1682 garni

405 1721 475 1782 etc.
501 1706 632 1782 suffixis
656 1705 920 1809 particularum
945 1704 1005 1783 vel
1030 1707 1232 1782 nominum.
1301 1743 1304 1750 ’

481 1833 558 1899 '2.⁰
584 1825 638 1899 ln·
654 1824 934 1926 pronominibus
959 1835 1047 1919 nal,
1061 1833 1155 1919 reti,
1181 1832 1266 1918 nai,
1291 1833 1372 1920 nei,
1389 1833 1469 1919 rei,
1491 1834 1564 1902 uei.

507 1943 558 2016 3.⁰
582 1941 626 2016 In
650 1941 840 2044 plerisque
864 1943 1104 2039 nominibus,
1128 1941 1271 2037 verbis,
1295 1967 1339 2018 ac
1369 1943 1567 2046 particulis

290 2125 293 2134 .
406 2060 549 2164 quoties
589 2075 644 2136 est
661 2058 797 2136 baalis
808 2117 821 2156 ‚
856 2061 909 2134 sie
932 2071 1011 2138 stoi
1021 2117 1034 2156 ‚
1067 2069 1145 2138 uei
1168 2087 1293 2138 arnaco
1304 2116 1316 2155 ‚
1342 2071 1451 2139 seori
1481 2069 1565 2158 leo,

405 2185 492 2274 noi,
517 2183 750 2279 intelligere,
777 2187 895 2271 eaput·
920 2186 980 2275 in,
1006 2188 1049 2256 ut·
1072 2182 1202 2256 domus
1228 2195 1299 2254 etc.
1395 2215 1399 2224 ·

506 2297 557 2390 4⁰
580 2294 708 2370 Media
732 2294 832 2372 hisce
850 2300 891 2371 in
908 2296 1061 2372 vocibus
1079 2306 1173 2373 ‘reio
1191 2295 1331 2390 honor,
1348 2301 1462 2374 ‘tocie
1476 2321 1565 2371 con·

404 2412 578 2490 demnar'e
590 2469 603 2508 ‚
630 2421 763 2506 gatcec
789 2413 944 2508 umbra,
968 2423 1104 2510 omnio
1128 2417 1354 2514 imtficare,
1379 2423 1470 2490 scie
1504 2416 1566 2490 de·

403 2547 563 2627 sertum,
590 2539 680 2609 soie
705 2533 874 2616 dominus
900 2547 969 2608 etc.
986 2569 1007 2627 ,·
1025 2557 1223 2636 earumque
1248 2531 1488 2635 compositis.

403 2657 412 2670 ’“
455 2653 578 2744 Quare
604 2651 745 2754 quoties
771 2675 838 2744 aro,
864 2675 904 2728 or
930 2649 1127 2748 scribitur,
1154 2648 1379 2728 credendum
1398 2665 1451 2725 est
1469 2647 1564 2724 The·

402 2765 520 2844 banos
546 2770 601 2844 uti
626 2767 869 2874 diphthongos
894 2770 1167 2872 pronunciasse.

452 2889 572 2991 Atque
590 2888 641 2962 ita
658 2886 836 2963 Thebani.
855 2887 1077 2992 Memphitae
1095 2912 1185 2961 vero
1201 2884 1274 2961 duo
1292 2900 1428 2990 puncta
1446 2909 1565 2989 asper·

400 3008 478 3080 nati
502 3005 672 3082 lineolam
697 3033 805 3108 supra
831 3032 845 3083 t
871 3004 1116 3082 adhibuerunt
1141 3031 1217 3080 non
1242 3005 1282 3078 in
1300 3003 1420 3107 primo
1438 3020 1501 3079 aut
1524 3005 1563 3078 in

402 3124 565 3199 secundo
590 3124 855 3198 Thebanorum
880 3148 966 3204 casu
978 3181 990 3220 ‚
1014 3122 1146 3198 sedin
1163 3123 1333 3198 omnihus
1352 3121 1564 3198 desinentiis

400 3242 441 3314 in
458 3245 542 3337 orl,
559 3267 652 3343 quae
671 3240 889 3344 plerumque
910 3231 1072 3344 plurales
1090 3256 1193 3334 suut,
1210 3241 1265 3316 uti
1280 3245 1419 3332 ghaorl
1436 3265 1564 3342 opera,

400 3363 522 3462 puori
546 3366 657 3454 coeli,
684 3363 790 3436 morl
815 3364 890 3453 leo;
917 3373 998 3434 tum
1022 3359 1063 3432 in
1089 3358 1170 3434 aliis
1196 3361 1237 3434 in
1262 3363 1350 3451 erl,
1378 3357 1430 3432 sic
1457 3363 1563 3434 aseri

399 3475 1283 3580 namorp,nopnertnnapaeaexmlurertn
1296 3474 1562 3578 αἰχμαλωτεύειν.

400 3595 459 3670 lld
483 3596 575 3672 haec
602 3598 830 3699 scripserunt
855 3599 908 3687 ipt
919 3593 1055 3698 ficere
1067 3651 1079 3691 ,
1107 3599 1266 3672 orionas
1290 3594 1563 3685 dextero,pi1<t

398 3718 605 3808 inclinare,
633 3717 680 3790 ibt
704 3717 810 3807 sitis,
836 3711 1055 3793 ammorii
1091 3716 1242 3786 alleluia
1254 3766 1266 3806 ,
1305 3712 1341 3787 le
1376 3717 1444 3784 vel
1456 3767 1469 3806 ‚
1508 3714 1561 3785 im

399 3837 526 3906 similis
550 3857 628 3906 esse
654 3846 725 3908 etc.
766 3834 949 3910 Tonieum
981 3856 1030 3906 ne
1054 3844 1244 3906 accentum
1276 3844 1406 3902 notare
1438 3825 1563 3901 volue-

398 3949 657 4052 runtl'Atqui
682 3949 849 4024 scribunt
874 3951 983 4024 etiam
1008 3953 1022 4024 l
1048 3953 1189 4024 venire.
1216 3948 1320 4023 Anne
1347 3971 1360 4020 t
1381 3943 1565 4048 gravidam

400 4094 469 4169 pro
496 4093 533 4142 er
561 4069 717 4142 innuere
744 4067 1031 4161 contenderunt,
1056 4092 1141 4142 nam
1163 4065 1364 4170 pleraeque
1382 4089 1426 4137 ex
1444 4063 1488 4138 iis
1503 4089 1565 4136 vo·

401 4186 504 4260 cibus
529 4187 589 4262 vel
613 4189 652 4260 in
676 4185 938 4290 Memphitica,
963 4185 1022 4260 vel
1046 4188 1085 4260 in
1103 4185 1278 4259 Thebana
1294 4181 1452 4270 dialecto
1472 4183 1563 4255 scri·

401 4304 542 4378 buntur
567 4306 676 4380 etiam
697 4330 767 4407 ope
786 4303 1005 4407 diphthongi
1022 4303 1085 4380 erl
1103 4303 1201 4381 Nihil
1218 4318 1335 4380 statuo
1348 4300 1448 4392 ,nisi
1465 4297 1565 4402 quod

399 4421 626 4528 Memphitoe
652 4421 895 4527 multiplicem
921 4449 1005 4500 suae
1043 4421 1195 4498 lineolae
1234 4435 1456 4524 potestatem
1481 4443 1563 4490 mor
