3452 5460
741 509 789 606 ¹1¹¹

741 641 798 692 w'l'

740 867 802 948 qa

739 978 803 1046 bet
943 965 1030 1042 hhei
1221 957 1272 1040 hh

738 1111 831 1179 gopr
940 1083 1020 1160 hori
1218 1083 1242 1158 h

735 1219 884 1280 zontttc
939 1203 1099 1308 glangla
1222 1206 1282 1304 gi'

739 1333 844 1398 cmc
943 1319 1064 1425 ghima
1224 1321 1272 1421 gh

736 1459 776 1516 τι
939 1441 970 1511 ti
1217 1441 1245 1510 ti

451 1675 646 1776 ‘Aegyptii
672 1675 855 1776 scriptura
881 1671 1152 1776 hieroglyphica
1165 1733 1176 1770 ,
1203 1667 1401 1767 hieratica,
1440 1687 1502 1749 aut
1528 1673 1595 1751 de·

425 1794 628 1868 moticensi
642 1807 748 1887 sunt,
768 1793 942 1896 quamdiu
955 1792 1180 1868 idololatriae
1194 1790 1445 1866 adhaeserunt.
1465 1793 1514 1866 At
1527 1789 1595 1867 ubi

427 1911 661 1986 christianam
701 1912 913 2014 religionem
951 1911 1108 2014 amplexi
1146 1927 1252 2006 sunt,
1291 1909 1481 2012 indignum
1521 1915 1594 1986 rati

424 2028 618 2104 christiana
644 2029 736 2103 scita
762 2051 907 2103 exarare
933 2030 978 2104 iis
1006 2029 1143 2130 signis,
1171 2043 1444 2130 quae·reterem
1465 2053 1592 2131 super-

345 2227 347 2230 ,
424 2147 608 2224 stitionetn
629 2149 761 2248 passim
774 2144 1116 2249 repraesentabant,
1131 2147 1399 2220 constituerunt
1416 2171 1590 2247 graecum

421 2263 657 2367 alphabetum
682 2265 909 2358 adsciscere,
937 2263 1034 2366 quod
1061 2265 1278 2365 ceteroquin
1303 2263 1468 2365 Aegypto
1499 2279 1584 2337 'ma-
1670 2288 1673 2294 ·

420 2384 517 2456 xime
544 2381 713 2457 inferiori
739 2381 810 2455 iam
836 2380 882 2455 ab
909 2382 1051 2482 aliquot
1069 2380 1222 2456 saeculis
1238 2407 1323 2458 cum
1343 2382 1482 2484 graecis
1501 2407 1589 2456 con-

421 2501 606 2576 suescenti
633 2515 714 2573 erat
738 2499 929 2572 familiare.
954 2501 1051 2574 Hinc
1082 2516 1167 2575 sunt
1196 2499 1489 2602 vigintiquatuor
1522 2499 1585 2574 lit·

419 2633 545 2715 terae,
573 2644 660 2720 quas
677 2618 796 2720 primo
808 2598 895 2691 ‘loco
912 2616 1079 2692 recensui
1098 2620 1136 2694 in
1152 2616 1365 2719 alphabet03
1383 2643 1428 2691 ex
1448 2617 1585 2718 quibus

419 2751 542 2811 tamen
569 2735 730 2840 quinque
756 2735 937 2812 elementa
963 2763 1004 2830 r,
1024 2759 1063 2827 a,
1082 2761 1122 2831 ζ,
1140 2757 1177 2830 z,
1194 2736 1393 2842 appropria
1416 2737 1585 2838 aegyptia

416 2880 493 2930 non
519 2871 625 2948 sunt,
651 2879 772 2957 neque
803 2853 842 2926 in
872 2852 947 2927 ullo
978 2856 1146 2958 aegyptio
1167 2851 1356 2940 ¹vocabulo
1387 2853 1582 2928 inveniun-

418 2989 480 3047 tur
492 3031 504 3066 ,
532 2973 597 3078 sed
622 2987 764 3048 tantum
789 2972 835 3044 ab
860 2973 1048 3075 Aegyptiis
1074 2970 1294 3046 adhibentur
1318 2972 1359 3043 in
1377 2971 1422 3044 iis
1440 2975 1582 3074 graecis

417 3093 565 3167 vocibus
592 3090 819 3184 scribendis,
838 3116 926 3192 qaas
945 3119 966 3164 a
985 3091 1142 3166 Graecia
1159 3091 1315 3164 mutuati
1336 3105 1429 3164 sunt.
1445 3091 1582 3184 Quare,

417 3207 592 3284 detractis
617 3207 716 3282 hisce
742 3207 926 3310 quinque,
952 3207 1097 3309 reliqua
1117 3206 1371 3282 novemdecim
1387 3222 1477 3282 sunt
1492 3229 1582 3282 vere

416 3328 594 3429 aegyptia.
621 3323 692 3400 Sed
717 3350 800 3399 cum
825 3349 945 3402 sermo
971 3325 1145 3428 Copticus
1176 3350 1238 3402 sex
1271 3324 1453 3400 elementa
1477 3329 1579 3401 vocis

414 3444 566 3520 haberet
579 3485 599 3540 ,·
618 3441 751 3546 quibus
778 3443 878 3517 nulla
902 3465 1033 3546 graeca
1057 3442 1184 3518 littera
1209 3459 1294 3546 apte
1319 3442 1578 3546 responderet,

413 3561 555 3637 additae
582 3577 755 3638 suntser
792 3561 933 3635 litterae
960 3554 1098 3659 offic,
1124 3572 1177 3657 ab,
1205 3589 1253 3657 g,
1279 3584 1324 3657 n,
1352 3568 1393 3656 6,
1419 3589 1577 3664 quarum
1649 3567 1663 3574 ”
1714 3649 1715 3656 ,

412 3679 526 3783 figura
551 3681 718 3757 desumto
743 3678 903 3756 creditur
928 3708 950 3752 a
975 3677 1156 3783 scriptura
1174 3677 1356 3754 hieratica.
1381 3680 1421 3752 Si
1437 3682 1576 3782 graecis

410 3799 663 3874 novemdecim
689 3797 798 3873 addas
823 3825 884 3872 sex
912 3799 1120 3901 aegyptias,
1147 3796 1302 3872 habebis
1327 3797 1506 3873 elementa
1523 3799 1576 3874 vi·

408 3920 668 4022 gintiquinque
695 3937 796 3992 mere
824 3917 1001 4018 Coptica,
1028 3932 1119 4017 quot
1144 3913 1364 3990 Plutarchus
1390 3916 1451 3989 de
1470 3917 1573 3992 Iside

408 4053 445 4108 et
473 4037 566 4112 Oria-¹.
581 4027 643 4112 '5'6
668 4033 837 4138 perhibet
861 4031 970 4108 fuisse
996 4033 1135 4106 litteras
1165 4029 1325 4136 aegyptii
1365 4031 1573 4136 alphabeti;

409 4158 548 4229 namin
566 4154 696 4229 horum
711 4171 827 4229 censu
844 4180 918 4228 non
932 4155 1032 4226 venit
1043 4152 1512 4255 postremumelemcntum
1522 4155 1572 4258 2†,

409 4289 536 4375 utpote
562 4299 661 4346 mera
685 4273 790 4374 sigla,
818 4277 883 4346 seu'
900 4295 1011 4347 nexus
1038 4269 1195 4344 duarum
1219 4271 1425 4345 litterarum
1452 4297 1505 4346 τι.

460 4393 641 4487 Litterae,
662 4417 751 4495 quas
776 4392 885 4493 Copti
909 4418 931 4464 a
958 4389 1111 4466 Graecia
1134 4387 1384 4486 adsciverunt,
1402 4410 1570 4492 graecum
