3458 5454
139 505 263 580 nabab
318 507 446 582 ocrilns
472 521 572 573 ntetts
795 501 919 577 iinssat
946 499 989 571 T.

137 609 280 702 uerticis
465 631 551 692 tuus
566 647 615 692 m.
794 625 941 696 nenssab
952 617 994 692 Τ.
1008 621 1058 692 Μ.
1068 619 1108 692 Β.

137 745 291 819 flotildis
315 739 358 814 Τ.
795 741 969 814 namnet
995 739 1039 812 Τ.

136 865 255 938 aaran
282 859 333 931 M.
347 857 390 930 Β.
796 862 993 934 neaeman
1006 857 1055 928 M.
1070 857 1111 930 Β.

135 981 282 1073 nauta).
466 979 545 1048 cius
570 999 620 1046 m.
795 961 941 1051 uenat
967 974 1012 1046 Τ.
1037 974 1079 1046 Β.

136 1099 278 1174 nectat
465 1097 545 1166 eius
571 1091 595 1165 s.
794 1071 1020 1169 noasm'n.

98 1261 100 1266 ,
134 1219 257 1292 uasat
337 1215 440 1288 oculi
463 1216 535 1285 mei
584 1230 586 1234 ’
794 1217 941 1288 ueneat
1172 1219 1291 1285 nostri
1367 1265 1371 1274 .

66 1329 75 1354 ⁸
135 1335 276 1408 uenat
466 1333 524 1404 tui
547 1355 596 1401 m.
798 1331 971 1406 nentem
995 1329 1037 1401 Τ.
1287 1396 1295 1409 ,

133 1455 284 1527 norbo).
308 1449 352 1522 Τ.
513 1512 520 1527 .
545 1507 566 1580 s
792 1451 988 1524 retentat
1002 1449 1053 1521 Μ.
1069 1449 1110 1520 Β.
1176 1403 1293 1462 ΜΝ

74 1660 77 1664 ,
134 1573 251 1644 nean
276 1567 386 1642 nn.
463 1523 569 1582 ω’·
729 1645 736 1662 ,
793 1569 938 1642 nemo
964 1565 1065 1638 ne.
1141 1566 1143 1569 ·

134 1690 278 1784 aequat
340 1716 344 1726 ·
466 1691 545 1760 eins
570 1707 628 1758 mi
793 1690 943 1761 uertat
968 1685 1019 1756 Μ.

136 1809 275 1884 neman
465 1809 543 1876 eius
568 1802 592 1875 f.

182 1922 219 1995 Si
246 1937 373 1996 mutes
399 1947 426 1995 n
451 1923 491 1994 in
507 1949 535 1996 τ
549 1919 699 1996 habebis
718 1919 936 1994 femininum
954 1945 1095 1995 secun
1112 1947 1195 1994 vox
1208 1949 1299 2016 tneo,

135 2066 296 2116 teneam
312 2057 375 2115 tuo
393 2067 442 2113 m.
451 2098 463 2134 ,
482 2065 650 2117 concern
665 2039 710 2112 Τ.
723 2065 860 2114 ”secun
879 2041 928 2112 M.
944 2041 985 2111 B.
999 2057 1061 2113 tuo
1075 2039 1100 2112 f.
1107 2098 1119 2134 ,
1137 2038 1300 2138 ‘rancun

135 2165 206 2234 eius
223 2187 272 2233 m.
281 2219 298 2255 ,
314 2183 475 2235 neceam
489 2163 567 2232 eins
578 2157 604 2232 f.
617 2157 774 2232 Pluralis
789 2175 964 2231 consonat
982 2185 1067 2230 eum
1084 2159 1298 2233 masculino.

67 2285 70 2294 ’
180 2275 351 2353 Praefixa
377 2302 448 2369 na,
473 2303 542 2369 ne,
568 2301 640 2370 ra,
667 2303 730 2368 τε,
756 2303 802 2350 ue
821 2303 1022 2379 numquam
1041 2274 1229 2350 eliduntur
1246 2303 1299 2351 se-

137 2416 267 2497 quente
285 2397 357 2470 alia
368 2393 500 2489 vocali,
522 2393 753 2468 rescribitur
769 2402 1144 2497 naaaoapaermeas
1163 2395 1297 2468 Mattlz.

136 2519 388 2592 v1u.6.8.x11.
410 2517 477 2606 18,
503 2524 700 2606 uetetmurt
719 2520 982 2611 negotiationes
999 2529 1083 2586 tuae
1093 2567 1104 2603 ,
1122 2523 1300 2603 neesson

131 2637 237 2732 pingo
256 2651 327 2708 tua
346 2630 428 2708 sein.
447 2673 494 2693 -
507 2631 552 2704 ln
569 2630 703 2734 plurali
714 2633 883 2704 scribitur
897 2637 1043 2708 nenssab
1058 2637 1162 2704 oculi
1178 2638 1299 2705 nostri

135 2752 237 2828 etiam
263 2749 474 2845 Thebaice3
501 2775 588 2823 nam
607 2751 638 2822 si
654 2749 885 2823 scriberetur
902 2752 1042 2840 n‘rtssab,
1066 2749 1134 2823 hoc
1152 2768 1299 2824 notaret

136 2867 202 2956 τοὺς
227 2867 451 2972 ὀφθαλμοὺς,
477 2871 582 2971 prius
600 2895 626 2944 u
646 2882 740 2943 esset
755 2882 843 2941 nota
861 2867 1073 2960 accusativi,
1093 2867 1248 2941 alterum
1271 2897 1297 2945 n

27 2973 28 2976 ¹
137 2989 306 3064 articulus
333 2988 505 3062 definitus
531 2987 693 3090 pluralis.

45 3098 48 3104 ¹
180 3105 369 3182 Eiusmodi
394 3105 554 3210 praefixa
579 3131 634 3180 na
658 3130 777 3198 meus,
803 3131 875 3180 nea
900 3121 1004 3198 tuus,
1023 3131 1097 3203 neq
1116 3131 1208 3179 snus
1226 3119 1295 3179 etc.

136 3242 215 3299 sunt
239 3251 328 3300 vera
362 3227 581 3328 pronomina
610 3225 839 3328 possessiva:
870 3223 926 3296 his
958 3225 1089 3298 similia
1115 3240 1200 3298 sunt
1223 3251 1302 3300 ntur·

136 3366 248 3437 nnus,
276 3370 358 3417 nort<
383 3360 489 3434 tuus,
509 3369 593 3439 πως]
609 3367 700 3416 snus
719 3357 789 3416 etc.
800 3401 811 3436 ,
830 3368 922 3443 quae
936 3341 1090 3417 inferius
1110 3370 1298 3444 exponam,

138 3460 197 3532 sed
220 3465 258 3536 in
278 3489 322 3536 eo
340 3451 519 3535 differunt
537 3489 563 3540 a.
575 3459 897 3563 praecedentibus,
917 3459 1015 3561 quod
1034 3488 1106 3535 nun
1123 3489 1223 3536 triens
1242 3478 1299 3534 est

31 3647 35 3672 ,
136 3602 196 3650 vor
221 3595 409 3683 separata,
436 3605 490 3676 na
521 3607 621 3654 maus
652 3581 892 3681 praeponitur
924 3579 1182 3672 substantivis,
1214 3605 1297 3652 cum

137 3693 247 3798 iisque
269 3701 310 3770 in
329 3721 438 3771 unam
458 3723 585 3771 rocem
604 3697 792 3793 coalescit,
817 3696 961 3770 utinen
980 3723 1029 3770 na
1048 3703 1173 3804 nopai
1197 3721 1299 3770 meus

27 3829 29 3842 ·
124 3799 187 3888 'est
211 3821 342 3890 oculus
369 3837 482 3891 meus.

182 3931 232 4009 Ut
265 3959 470 4038 pronomen
499 3939 742 4036 possessivum
776 3937 887 4036 magis
918 3935 1106 4035 magisque
1139 3933 1299 4036 eniteat,

139 4063 239 4153 atque
266 4054 414 4127 auribus
442 4053 672 4148 inculcetur,
706 4048 802 4127 Galli
832 4053 959 4126 dicunt
984 4051 1068 4126 mon
1085 4045 1303 4154 'opinionis

139 4176 222 4265 νηοί,
241 4173 351 4276 Copti
368 4173 477 4246 etiam
495 4174 687 4274 personale
707 4200 794 4247 cum
809 4174 1012 4273 possessivo
1031 4169 1300 4272 coniungentes
1360 4247 1363 4262 ,

143 4289 299 4366 scribunt
325 4298 452 4372 natac
478 4316 580 4368 anos
605 4319 684 4388 mea
703 4297 833 4390 lingna
852 4318 943 4390 ego,
963 4317 1023 4382 ma
1036 4297 1171 4389 longae
1190 4297 1213 4363 ὰ
1229 4297 1302 4363 moi
1340 4333 1342 4337 ν

144 4403 256 4482 Exod.
272 4435 320 4506 rr.
343 4439 412 4506 ro,
437 4425 569 4504 napan
587 4435 689 4488 anos
706 4437 839 4486 nomen
859 4437 977 4484 meum
994 4411 1241 4508 Matrinum.
1259 4407 1280 4482 5
1287 4433 1299 4500 ,·

1174 577 1300 636 noster

1178 813 1304 874 uester

420 749 601 946 lanf.

1175 1059 1304 1108 601¹!th

1173 1650 1311 1700 eorum.
