3452 5460
400 437 449 484 ιιιι

369 523 372 532 '
449 526 587 603 Eodem
612 553 732 618 auno,
759 553 833 629 quo
860 525 971 604 Tukii
995 525 1206 604 rudimenta
1223 531 1361 606 Romae
1377 533 1417 606 iu
1434 533 1557 610 lucem

398 663 605 739 venerunt,
631 642 767 746 prodiit
792 644 920 718 Oxonii
947 644 1148 721 Christiani
1163 646 1292 722 Setou
1312 649 1556 728 Grammatico

398 767 577 866 Aegyptio
605 768 794 864 utriusque
818 764 987 856 dialecti,
1012 791 1122 866 quom
1145 765 1329 860 breviavit,
1346 773 1556 860 illustrauit,

399 883 510 956 edidit
538 885 624 956 Cor.
655 879 807 982 Godcfi·.
835 881 993 974 Wot‘de;
1018 909 1125 982 quem
1157 883 1293 958 librum
1323 881 1408 960 satis
1433 885 1554 960 lauda·

398 1027 486 1074 uero
512 1001 542 1075 si
569 999 709 1092 dicam,
737 999 793 1070 vel
817 1014 942 1072 nostra
968 1015 1085 1074 aetate
1113 1027 1134 1072 a
1158 1001 1305 1075 nemine
1325 1001 1435 1076 luisse
1450 1003 1556 1104 sup'e·

396 1133 538 1211 ratum,
565 1143 606 1190 ae
632 1118 767 1216 primes
792 1115 925 1189 merito
950 1131 1088 1192 tenere.
1106 1115 1260 1192 Scbolzii
1278 1119 1450 1194 volumen
1466 1147 1556 1194 nou·
1666 1109 1670 1116 ’

397 1235 483 1308 dum
512 1235 656 1308 viderat
690 1232 879 1326 Celusius,
913 1259 1025 1335 quum
1058 1260 1153 1308 anno
1190 1237 1282 1338 1783
1315 1237 1556 1314 Ltuerautrao

397 1357 567 1454 Copticae
590 1352 850 1451 Rudlmentum
875 1353 1031 1426 Paratae
1056 1352 1234 1454 vulgabat.
1267 1354 1440 1454 Copticos
1465 1353 1552 1428 cba-

395 1486 554 1545 racteres
592 1466 761 1542 exhibere
793 1468 1044 1542 tautummodo
1076 1469 1333 1569 praestituerat
1357 1469 1554 1562 Celusius,
1630 1523 1634 1530 -

395 1584 460 1680 scd
484 1585 646 1660 Bodonio
673 1613 713 1658 ac
732 1587 904 1659 Derossio
923 1585 1191 1686 gratificaturus
1208 1587 1556 1690 linguaepraeterea

395 1706 575 1778 elementa
590 1731 632 1777 ac
652 1719 819 1778 naturam
839 1701 1024 1780 delineare
1043 1727 1233 1804 aggressus
1252 1721 1316 1779 est.
1331 1703 1433 1778 Nihil
1445 1701 1555 1780 babet

396 1822 610 1924 opuseulum
636 1819 734 1922 quod
758 1819 1032 1921 reprehendas,
1058 1821 1132 1894 imo
1158 1821 1274 1896 multa
1293 1847 1387 1922 quae
1406 1820 1553 1915 laudem

395 1946 524 2012 auctor
547 1939 669 2030 enim,
697 1965 716 2012 e
744 1939 844 2012 cuius
870 1938 1057 2040 disciplina
1083 1938 1215 2039 glorior
1239 1963 1318 2013 esse
1345 1937 1551 2040 profectus,

392 2056 598 2156 linguarum
622 2073 794 2128 naturam
825 2054 1009 2129 subtiliter
1039 2055 1242 2145 iudicabat,
1276 2075 1384 2158 atque
1423 2056 1552 2130 altiora

393 2175 571 2275 principia
596 2173 808 2276 pervidebat
833 2189 962 2266 acute,
988 2185 1099 2274 quare
1130 2173 1229 2274 quod
1259 2199 1383 2248 seeum
1416 2174 1551 2248 consti·

394 2309 521 2368 tuerat
537 2318 664 2367 revera
688 2292 893 2394 praestitit,
919 2307 960 2366 ut
990 2292 1132 2392 Coptiei
1162 2293 1337 2366 sermonis
1370 2291 1553 2365 elementa

394 2409 658 2482 inchoarentur
676 2415 882 2511 praeceptis
908 2408 1128 2482 verioribus.
1155 2413 1203 2480 At
1226 2407 1417 2509 perbrevis
1442 2407 1548 2481 lucu·

392 2527 513 2602 brutio
539 2537 682 2630 poterat
707 2526 856 2628 quidem
879 2526 1022 2628 liuguae
1042 2525 1200 2602 indolem
1220 2524 1458 2618 adumbrare,
1477 2551 1553 2600 non

391 2671 481 2719 vero
506 2669 631 2720 omnes
659 2645 916 2746 grammaticae
942 2660 1064 2746 partes
1091 2646 1267 2744 attingere
1292 2659 1401 2744 utque
1421 2645 1552 2717 articu-

392 2761 492 2840 latim
523 2761 740 2864 ex'planare3
775 2761 874 2863 quod
907 2788 998 2864 opus
1030 2765 1060 2836 si
1092 2764 1300 2836 acutissima
1331 2761 1465 2834 Calusii
1499 2762 1551 2836 vis

391 2901 557 2982 aggressa
582 2878 711 2986 fuisset
724 2935 736 2972 ‚
762 2880 856 2952 nihil
882 2881 973 2952 mihi
996 2883 1036 2954 in
1066 2881 1226 2981 Coptieis
1258 2878 1389 2951 litteris
1421 2903 1549 2978 super·

391 3016 509 3091 esset,
537 3024 647 3098 quam
670 3015 712 3072 ut
735 2996 937 3099 ‘gauderem
967 2998 1123 3098 palmam
1148 2995 1238 3070 mibi
1263 2995 1373 3068 fuisse
1399 3021 1546 3096 praere-

390 3132 492 3215 ptam
516 3144 536 3190 a
562 3116 1081 3215 praeceptore·amantissimo.
1107 3115 1271 3188 Palmum
1285 3111 1365 3188 'dixi
1381 3167 1392 3204 ,
1410 3112 1454 3186 de
1477 3141 1551 3214 qua

365 3232 613 3306 mihilieeut
643 3232 764 3333 paullo
797 3215 1048 3308 immodestius
1078 3231 1234 3306 blandiri
1264 3230 1471 3305 uenalium
1499 3231 1548 3304 oh

390 3347 523 3444 linem,
548 3351 619 3422 nisi
643 3365 684 3421 ut
708 3375 799 3422 nova
826 3375 960 3424 corona
986 3350 1121 3425 Culusii
1147 3348 1286 3424 tumulo
1312 3347 1472 3453 accedat.

439 3467 527 3542 Post
549 3465 704 3542 Scholzii
731 3483 767 3540 et
794 3467 930 3541 Calusii
957 3467 1068 3541 libros
1096 3493 1189 3542 nova
1214 3483 1452 3542 monumenta
1475 3491 1551 3540 nou

390 3601 532 3662 tantum
559 3583 818 3687 Memphiticae
837 3583 1013 3678 dialecti,
1030 3586 1095 3660 sed
1112 3589 1222 3660 etium
1237 3587 1469 3661 Basmuricae
1487 3611 1548 3686 pe·

388 3703 487 3775 nitus
513 3705 686 3804 ignotae,
713 3719 751 3775 et
775 3702 960 3776 Sabidicae
992 3703 1155 3777 nondum
1187 3702 1281 3776 bene
1314 3702 1545 3804 exploratae,

388 3821 427 3892 io
452 3819 573 3900 lucem
599 3819 840 3921 prodierunt,
866 3848 950 3894 cum
973 3820 1128 3895 aliorum
1148 3819 1337 3916 doctorum
1357 3818 1545 3894 hominum

388 3937 544 4042 studiis„
569 3954 648 4014 tum
673 3941 711 4014 iu
728 3939 864 4038 primis
881 3938 1041 4040 *Georgii
1072 3939 1213 4038 Zoie'gae
1246 3938 1311 4036 qui
1342 3936 1543 4037 Borgianos

388 4053 530 4128 codices
555 4055 648 4128 bene
675 4061 808 4132 multos
835 4054 1007 4132 ediderat.
1025 4055 1118 4128 Cum
1137 4070 1192 4128 tot
1211 4057 1395 4156 tantisque
1413 4054 1544 4154 opibus

389 4172 537 4272 Coptica
561 4197 621 4246 res
647 4174 841 4266 crevisset,
868 4172 1048 4248 considere
1075 4170 1210 4246 licebat
1238 4172 1342 4266 sore,
1373 4187 1417 4244 ut
1450 4197 1543 4246 uuus

387 4288 445 4368 vel
470 4289 564 4362 alter
589 4288 791 4394 philologus
816 4293 885 4366 tria
904 4292 1081 4392 sermonis
1100 4288 1267 4364 idiomata
1286 4289 1442 4364 invicem
1459 4315 1543 4363 cou-

388 4405 539 4488 teudens
552 4407 597 4481 ad
609 4435 834 4484 communem
848 4436 974 4485 eorum
990 4407 1542 4511 ideam-assurgeret,analogiam
1644 4501 1648 4508 Ι
