3452 5460
433 377 479 473 ¹4

421 485 517 570 hanc
541 491 694 600 Aegypti
713 489 862 599 partein
875 491 1000 572 'notat
1022 491 1163 573 ¹liltore
1186 495 1430 601 Memphitica
1455 499 1588 604 appel·

420 609 518 688 latur
553 610 599 687 ab
635 613 728 690 urbe
763 611 957 719 Memphi,
996 639 1069 718 qua
1106 613 1307 692 utebantur
1341 619 1514 722 Aegyptii
1538 619 1590 695 ad

420 729 723 833 septemtrionem
747 735 856 836 potiti
880 734 923 806 in
947 733 1112 837 Aegypto
1148 731 1326 810 inferiori.
1364 734 1493 812 Tertia
1528 754 1590 814 est

420 849 654 944 Basmoricu,
681 847 726 928 de
753 871 824 955 qua
849 864 934 952 post
958 849 1205 956 'Picqucsium
1217 905 1231 944 ,
1267 855 1509 952 Montanum,
1548 871 1590 930 et

420 967 623 1072 Georgium
647 965 727 1045 tuse
750 967 1000 1045 disseruerunt
1022 969 1167 1072 zoega,
1193 971 1432 1062 Quatremere
1446 1030 1460 1067 ,
1474 988 1588 1075 atqoe

420 1083 643 1187 Eugelbreth
668 1083 733 1182 <¹);
759 1079 847 1181 ltac,
872 1099 1001 1190 utpote
1027 1111 1071 1161 ex
1086 1085 1327 1190 Memphitico
1345 1103 1384 1164 et
1404 1086 1587 1166 Thebano

419 1201 589 1278 idiomate
607 1201 779 1300 conflata,
794 1227 882 1280 usae
899 1202 1071 1282 videntur
1085 1206 1272 1306 regiones,
1283 1203 1438 1282 fortasse
1456 1207 1588 1303 Oascs,

422 1347 517 1423 qnae
541 1323 642 1398 inter
666 1323 894 1425 superiorem
913 1337 1024 1426 atque
1042 1321 1258 1399 inferiorem
1273 1324 1481 1427 Aegyptum
1498 1353 1587 1400 con·

422 1439 646 1516 tinebantur.
672 1441 872 1536 Quaerenti
895 1466 983 1518 vero
1010 1467 1189 1544 quaenunt
1214 1467 1257 1516 er
1281 1441 1404 1518 tribue
1416 1441 1587 1519 dialectis

421 1560 552 1662 purior
574 1559 624 1636 eit
647 1585 690 1634 ae
715 1559 830 1662 magis
855 1559 1093 1654 intauiinata',
1130 1559 1335 1662 respondeo
1366 1558 1586 1638 Thebanam

422 1679 556 1753 ceteris
581 1693 787 1781 praestare,
813 1675 912 1781 quod
936 1677 1043 1752 facile
1068 1677 1256 1782 colligitur
1279 1679 1357 1754 sive
1382 1703 1427 1754 ex
1451 1695 1587 1754 natura

422 1797 601 1872 sermonis
625 1791 776 1899 propius
802 1795 849 1872 ad
873 1795 1074 1898 analogiam
1100 1797 1232 1891 exacti,
1249 1821 1291 1870 ac
1309 1798 1429 1872 minus
1447 1795 1586 1872 foedati

422 1914 573 1988 Graecis
596 1907 809 2007 vocubulis,
836 1913 914 1989 sire
940 1937 982 1988 er
1006 1913 1079 1989 situ
1103 1912 1262 2015 regionis
1287 1913 1432 2014 longius
1458 1913 1505 1990 ab
1525 1940 1584 1988 ex·

422 2045 586 2107 terorum
611 2030 871 2108 consuetudine
886 2031 1060 2108 dissitae.
1101 2032 1205 2125 Quae
1237 2057 1351 2134 quum
1389 2033 1443 2106 ita
1479 2033 1585 2128 nint,

423 2151 658 2252 grammatica
682 2151 835 2254 Coptica
858 2175 936 2226 non
960 2150 1080 2226 sotum
1105 2151 1175 2223 tria
1201 2146 1290 2224 haec
1316 2147 1492 2224 idiomata
1517 2176 1582 2226 ex·

421 2265 560 2370 plicare
585 2265 696 2344 debet
708 2323 721 2362 ‚
746 2267 814 2344 ted
842 2269 952 2343 etiarn
984 2266 1214 2343 Thebanum*
1231 2271 1467 2343 constituere·
1487 2286 1583 2344 tam·

424 2411 536 2488 quam
561 2397 769 2462 ceterorum
793 2384 1083 2462 fiandamentumss
1098 2387 1171 2482 At,
1190 2413 1275 2460 cum
1290 2387 1493 2461 Baemurici
1509 2411 1594 2462 ser·.

421 2504 540 2579 monis
564 2504 625 2580 vir
650 2529 766 2606 pauca
790 2495 993 2605 fragmenta
1017 2505 1273 2600 innotescant,
1310 2502 1410 2578 haud
1435 2529 1584 2607 semper
1623 2599 1625 2608 J

421 2621 527 2725 potui
549 2620 778 2696 Basmuricaa
803 2619 937 2697 sormas'
962 2621 1099 2716 citare;
1116 2648 1205 2696 nam
1220 2620 1390 2724 religioni
1410 2619 1498 2696 duxi
1516 2637 1582 2697 eas

422 2733 566 2814 tantum
590 2739 630 2812 in
654 2738 824 2813 medium'
841 2738 1029 2842 proferre,
1047 2765 1141 2844 quae
1159 2753 1260 2814 certo
1278 2738 1461 2816 librorum
1481 2741 1584 2814 testi·

420 2856 544 2931 monio
569 2855 813 2932 firmarentur.

469 2977 525 3051 Ut
547 3001 636 3050 vero
660 2975 775 3050 trium
800 2972 1017 3050 idiomatum
1042 2972 1235 3050 diversitas
1260 2972 1401 3048 facilius
1418 2973 1582 3048 aestime-

350 3174 357 3192 ‚
420 3106 508 3186 tur,
533 3119 593 3167 eas
618 3095 835 3168 mutationes
862 3118 1067 3196 exponam,
1094 3117 1184 3195 quas
1206 3083 1398 3195 patiuntur
1414 3090 1580 3185 litterae,

420 3213 511 3311 quin
536 3209 611 3284 ulla
635 3213 869 3312 grammatica
893 3210 988 3287 ratio
1012 3209 1238 3306 intercedat3
1264 3237 1352 3286 nam
1384 3213 1581 3284 varietates

417 3325 465 3401 ad
490 3329 760 3429 grammaticam
777 3343 985 3432 spectantes
1008 3353 1073 3404 suo
1093 3355 1255 3434 quasque
1277 3330 1356 3404 loco
1374 3328 1580 3403 declarabo.

421 3445 539 3548 Siglae
563 3446 609 3528 T.
643 3447 693 3522 Μ.
726 3447 766 3521 Β.
797 3446 1010 3521 indicabunt
1039 3471 1147 3524 voces
1178 3445 1327 3523 dialecti
1357 3445 1579 3545 Thebanae,

418 3563 705 3668 Memphitieae,
729 3564 974 3640 Basmuricae.

458 3945 502 4016 (ι)
519 3947 605 4018 rorgo
622 3917 761 4020 canes
778 3947 900 4002 metm
918 3945 990 4018 copo.
1007 3963 1033 4018 p.
1052 3947 1102 4001 raa
1112 3963 1152 4017 tq.
1163 3947 1336 4018 numum
1347 3945 1503 4001 ramata
1513 3949 1567 4000 m·-

423 4031 721 4104 sequestratumque
737 4051 785 4087 rur
800 4033 828 4085 u
844 4033 938 4102 tuum
955 4043 981 4084 e
997 4033 1026 4085 u
1043 4032 1194 4108 ¹norman
1216 4032 1247 4084 n
1271 4018 1394 4104 romu
1416 4049 1442 4104 p.
1461 4029 1511 4086 tlt
1525 4048 1566 4104 oq.

424 4114 586 4186 liugelbroth
601 4119 760 4192 Fropnteata
775 4115 1051 4200 Balearica-Coptica
1065 4115 1101 4174 V.
1119 4125 1145 4170 et
1160 4116 1197 4174 N.
1216 4116 1373 4204 Trotameati
1388 4129 1461 4204 μιν.
1478 4131 1519 4188 tq.
