3458 5454
277 495 279 500 .
672 481 675 488 ,
1228 448 1294 496 ur

139 515 207 637 pro
212 517 412 638 antequam
423 501 616 630 babitaret,
626 533 690 610 ubi
701 532 900 610 Thebanus
913 539 1013 611 recto
1021 553 1305 639 finateqorwg

11 717 12 720 ,
138 671 334 769 apteqemm
350 653 545 746 babitaret
565 651 719 730 alterum
735 656 817 730 Gal.
833 681 858 729 ι.
875 656 898 749 d
913 680 1304 765 maneqnagnenpro

11 779 13 864 ᾗ
137 791 179 848 ut
195 766 273 860 vreos
295 771 478 847 liberat-et.
506 771 577 848 Vel
602 788 719 850 textus
737 785 932 876 corruptus
950 791 1022 870 est,
1042 777 1101 852 vel
1123 780 1304 883 interpres

141 891 243 967 aliud
269 892 359 994 legit
383 891 422 966 in
448 917 591 992 graeco.

404 1215 461 1290 De
486 1213 684 1287 Particutis
711 1215 1037 1290 Condicionalidus.
1070 1309 1075 1318 .

516 1535 519 1538 -
615 1485 827 1564 occursus.

192 1719 409 1808 Coniunctio
433 1727 468 1802 si
491 1720 736 1819 conditionem
761 1737 889 1815 notat,
915 1749 1023 1823 quam
1052 1723 1220 1798 volumus
1245 1723 1305 1798 vel

143 1864 303 1940 negare,
328 1881 380 1898 -
405 1841 464 1914 vel
488 1841 670 1920 affirmare
684 1899 697 1936 ‚
723 1866 790 1916 seu
815 1843 901 1943 quia
926 1842 978 1915 ita
1003 1843 1187 1916 credimus
1201 1898 1214 1935 ‚
1238 1866 1305 1919 seu

11 2032 12 2041 ,
142 1959 227 2060 quia
244 1959 457 2040 ,adversario
483 1960 534 2032 ita
560 1985 638 2035 esse
664 1959 922 2054 concedimus,
956 2003 1007 2014 -
1036 1961 1096 2034 uel
1128 1965 1306 2035 incertam

11 2139 12 2177 3
137 2074 474 2178 relinquerehaud
499 2076 742 2184 definientes,
767 2095 894 2166 utrum
919 2106 977 2154 res
1002 2078 1125 2152 futura
1151 2079 1218 2170 sit,
1234 2104 1304 2154 nec

141 2221 186 2269 ne
196 2253 219 2290 ,1-
232 2237 286 2298 3-
310 2195 367 2280 vel
385 2193 554 2298 denique
580 2197 741 2272 conditio
765 2197 926 2272 refertur
950 2198 997 2271 ad
1014 2216 1180 2300 tempus,
1196 2199 1248 2270 ita
1262 2215 1306 2274 ut

11 2379 12 2424 ἦ
141 2340 214 2416 pro
228 2311 439 2388 conditione
458 2321 490 2393 si
506 2301 675 2390 adhiberi
692 2319 808 2404 etiam'
822 2318 939 2420 possit
956 2317 1133 2420 particula
1145 2315 1304 2419 quando.

140 2433 250 2540 Copti
274 2457 343 2534 pro
367 2434 469 2514 varia
494 2425 716 2510 conditionis
741 2439 865 2539 specie
883 2436 1027 2512 diversa
1049 2432 1226 2510 adhibent
1236 2421 1305 2509 'io-

141 2549 286 2624 c'abula.

97 2745 101 2752 ,
140 2744 146 2756 ,
191 2667 408 2744 Pharisaeus
434 2667 561 2744 videns
588 2666 775 2742 Christum
803 2667 956 2770 comiter
975 2668 1211 2768 excipientem
1229 2697 1306 2742 mu·

142 2787 271 2884 lienem
295 2785 580 2888 perditissimam
605 2786 717 2860 dixit:
742 2794 777 2860 si
794 2783 974 2887 propbeta
987 2799 1080 2878 esset
1097 2785 1178 2881 bic,
1197 2787 1307 2862 sciret

137 2903 237 3008 ‘quae
260 2911 315 2986 sit
331 2904 424 2980 haee
448 2909 580 2979 mutter
604 2905 867 3006 an.v11.‘39;
893 2903 1034 2976 scilicet
1059 2927 1148 2977 usus
1179 2889 1306 2978 condi·

141 3021 241 3098 tione
266 3023 433 3126 negativa
457 3009 509 3096 iu
524 3023 822 3098 ratiocinabatur:
841 3049 916 3096 non
932 3039 989 3096 est
998 3019 1180 3122 propheta
1189 3078 1201 3117 ,
1220 3030 1306 3126 quia

139 3149 258 3218 nescit
281 3167 375 3246 quae
399 3149 449 3217 sit
473 3141 566 3216 haee
590 3147 730 3218 mutter.
749 3141 857 3245 Copti
875 3138 1128 3217 conditionem
1142 3143 1310 3246 negaturi

141 3275 299 3338 utuntur
322 3259 504 3363 porticula
529 3286 601 3338 ene
626 3267 668 3336 si.

168 3377 359 3458 :Christus
390 3377 541 3456 Iudaeos
575 3379 793 3482 alloquens,
825 3393 1019 3483 postquam
1049 3379 1131 3454 lot.
1155 3365 1235 3456 mn.
1257 3379 1305 3476 45

142 3493 330 3600 professus
356 3494 476 3574 fuerat
499 3523 539 3576 se
559 3484 762 3576 ¹veritatem
787 3497 909 3576 dicere
916 3502 997 3593 ‚ita
1018 3507 1308 3601 argumentatur:

125 3603 175 3692 ⁴si
198 3621 400 3695 veritatem.
414 3617 496 3694 dieo
521 3616 653 3716 vodis,
678 3644 751 3694 cur·
770 3644 849 3694 non
874 3615 1138 3694 credt'tt'smdzi
1151 3619 1170 3692 2
1184 3616 1310 3695 ,bobes

143 3733 414 3831 conditionem,
432 3761 543 3838 quam
562 3733 729 3813 Christus
750 3722 854 3814 dese
872 3736 1083 3814 affirmabat
1099 3736 1149 3812 At
1169 3733 1293 3810 ludaei
1298 3779 1312 3830 5

142 3853 208 3954 qui
221 3849 422 3952 ‚Christum
447 3853 643 3930 illudentes
669 3854 855 3932 dicebant:
880 3861 914 3930 si
936 3879 1011 3932 rem
1026 3857 1147 3930 Isradl
1162 3867 1236 3943 est,
1251 3853 1310 3928 de·

142 3971 296 4050 scendet
308 3971 353 4045 de
369 3997 481 4048 cruce
499 3969 631 4076 Mattb.
647 4001 752 4051 xxvu.
768 3975 833 4070 42,
853 3973 1144 4076 propositionem
1163 3970 1311 4074 quidem

143 4087 419 4185 concedebant,
445 4078 484 4166 at
507 4117 586 4168 non
610 4119 656 4168 ex
682 4085 830 4195 propria
853 4092 1061 4185 senteutia3
1078 4089 1145 4166 sed
1162 4115 1204 4166 er
1224 4115 1311 4182 sen·

144 4212 259 4282 tentia
277 4207 424 4283 ¹Christi
436 4266 448 4304 ,
475 4223 519 4284 ut
542 4230 800 4314 argumentum
824 4211 863 4285 in
889 4211 1011 4313 ipsum
1041 4225 1311 4312 retorquerent.

143 4326 288 4428 Duplex
313 4327 426 4428 igitur
451 4353 531 4405 esse
557 4344 680 4432 potest
703 4330 891 4404 affirmatio
916 4329 977 4404 vel
1002 4329 1086 4431 quin
1111 4329 1162 4402 ita
1187 4327 1311 4404 credi·

144 4470 224 4522 inus
237 4501 250 4540 ‚
278 4445 338 4521 vel
361 4446 446 4550 quia
471 4447 523 4523 ita
549 4447 793 4535 concedimus.
821 4450 928 4554 Copti
956 4447 1204 4536 conditionem
1219 4444 1311 4524 affir-
