3452 5460
391 379 455 428 ιη

388 471 559 546 mntlccm
577 493 655 544 csse
673 463 920 542 tantummodo
946 463 1148 544 inchoatam
1159 477 1174 557 ',
1193 479 1320 542 auctor
1335 464 1434 544 enim
1453 491 1547 558 nott·-

390 589 515 664 nullm
537 587 711 662 orationis
733 600 855 688 portet
879 597 926 661 ne
951 575 1075 686 attigit
1092 583 1239 687 quidem
1254 639 1268 676 ,
1283 583 1373 664 olias
1388 609 1463 662 nott
1485 584 1548 662 rb·

391 708 523 800 culrit3
555 721 641 782 sunt
670 719 793 780 tamen
816 727 919 805 quae
937 704 1101 780 “maxime
1130 729 1214 780 cum
1246 700 1434 805 diligentie
1458 727 1546 804 pter*

391 839 567 906 tractatae
588 849 632 898 er
655 847 780 923 ungue
802 819 963 924 produnt
984 819 1139 896 leonem
1160 820 1548 924 butaningum

391 945 609 1046 parientiam
632 942 673 1015 in
697 938 826 1016 libello
850 935 1126 1040 deprehendes,
1158 955 1196 1014 et
1222 941 1260 1016 in
1284 939 1413 1041 primis
1438 939 1546 1018 criti·

392 1087 476 1136 cum
502 1085 679 1152 acumen,
705 1057 917 1159 quonium
945 1053 1178 1136 delectorum
1204 1071 1366 1136 remotae
1389 1056 1549 1159 origines

391 1177 619 1279 indagantur.
643 1174 901 1276 Ungarellius,
928 1175 994 1278 qui
1016 1173 1153 1252 librum
1174 1173 1350 1254 latinuate
1373 1173 1546 1266 decerit,

393 1297 431 1372 id
457 1297 565 1370 ctiam
589 1295 662 1370 sihi
690 1294 814 1394 operis
841 1291 968 1386 dedit,
998 1307 1041 1372 ut
1073 1292 1237 1394 singulas
1265 1291 1405 1393 ruguhs
1435 1307 1549 1396 utque
1629 1331 1638 1346 ·

392 1413 662 1490 observationes
686 1411 824 1486 idoneis
850 1410 1026 1514 exemplis
1050 1437 1095 1486 ex
1118 1426 1277 1512 utroque
1294 1408 1460 1490 Foedere
1478 1409 1549 1490 dc·

392 1533 497 1607 lectis
527 1531 795 1623 communiret,
826 1555 902 1630 non
932 1543 1073 1604 tantum
1110 1527 1382 1632 Memphitidis,
1417 1553 1548 1620 uerum

391 1651 500 1724 etium
525 1645 711 1723 Thebanis
733 1663 770 1722 et
794 1647 1048 1722 numericis.-

443 1768 561 1869 Atque
588 1762 653 1838 hue
680 1767 829 1840 omnino
860 1781 950 1841 runt
978 1765 1173 1850 universae
1202 1765 1474 1844 Grammatieae
1501 1762 1548 1844 od

395 1884 487 1960 hanc
512 1883 611 1958 diem
635 1883 810 1984 vulgatae
835 1887 912 1986 Ego
937 1909 1027 1960 vero
1045 1909 1174 1960 norem
1194 1882 1412 1960 concinnavi
1428 1906 1472 1962 cu
1487 1881 1549 1960 nd-

393 2003 674 2095 notationibus,
689 2027 779 2104 quus
804 2001 976 2104 Copticcs
1002 2016 1121 2078 tortus
1140 2000 1332 2102 perlegam
1354 2001 1395 2078 itt
1418 1997 1546 2078 edver-

312 2201 317 2212 ,
393 2122 489 2196 saria
513 2119 711 2194 retuleram
737 2118 824 2196 dum
849 2120 994 2222 longam
1018 2123 1058 2196 iu
1084 2119 1216 2194 chieo
1241 2143 1310 2196 teu
1331 2115 1523 2200 cmdmdo
1534 2171 1549 2212 ,

392 2265 469 2316 seu·
484 2237 767 2340 amplificando,
788 2263 939 2340 operam
957 2238 1152 2340 ponebam.
1170 2237 1266 2331 Quid
1285 2261 1433 2312 mecum
1445 2261 1548 2340 praev

393 2358 586 2432 nituerim.
599 2355 705 2432 hcilc
730 2357 846 2431 lector
870 2357 1050 2460 intelliget
1072 2363 1115 2432 e'x
1131 2355 1268 2432 iudicio
1285 2355 1384 2458 quod
1401 2354 1446 2432 de
1463 2355 1548 2432 elio·

393 2502 477 2552 rum
503 2475 748 2578 grammaticis
788 2473 975 2578 hucusque
1013 2475 1105 2568 tuli3
1142 2491 1269 2555 uuum
1304 2472 1404 2575 quod
1427 2474 1548 2552 enimn

393 2618 649 2696 praeceperam
673 2617 804 2668 revere
829 2591 1073 2696 perfecerim,
1100 2592 1163 2677 nlii
1187 2591 1414 2702 iudicabunt.
1529 2575 1533 2582 ⁴

394 2754 403 2763 =·
445 2711 713 2785 Grammaticae
736 2713 871 2790 artemi
896 2712 1195 2814 Supplmnentttm
1224 2710 1374 2803 Lexici,
1404 2707 1452 2786 dn
1475 2735 1548 2812 qtm

393 2855 510 2934 pauca
534 2853 682 2904 monere
709 2833 814 2905 iuvat.
841 2830 993 2906 Duobus
1011 2828 1143 2910 abhinc
1167 2828 1270 2904 anuis
1295 2853 1383 2906 cum
1409 2829 1547 2908 Reme

392 2973 564 3024 remorer
587 2946 728 3024 codices
755 2947 927 3050 Copticos
959 2974 1024 3024 seu
1051 2947 1271 3040 Vaticanus,
1297 2973 1365 3024 oen
1394 2944 1548 3048 Collegii

393 3065 652 3168 Propagandae
677 3064 781 3140 Fidei
806 3066 982 3140 consului.
1007 3067 1122 3142 Primi
1148 3083 1235 3142 sunt
1258 3064 1486 3167 Memphitici
1506 3089 1547 3140 oc

393 3184 595 3286 liturgici,
621 3182 783 3285 adeoque
808 3184 944 3260 nullam
960 3211 1062 3288 spem
1078 3183 1217 3260 fuciunt
1231 3183 1346 3260 home
1364 3182 1482 3284 frugis
1501 3179 1548 3262 ctl

394 3301 542 3403 linguae
568 3299 698 3378 horrca
711 3301 984 3405 locupletandn3
995 3329 1106 3406 quare
1124 3302 1289 3378 converti
1299 3327 1361 3376 mc
1377 3301 1423 3376 ud
1436 3325 1549 3376 mern·

392 3419 533 3494 branna
551 3417 831 3522 Propagandac,
851 3447 1004 3523 quatum
1022 3422 1164 3524 copiam
1184 3420 1276 3495 mibi
1291 3419 1548 3494 humaniorum
1593 3443 1594 3450 ’

393 3537 549 3612 faciebat
571 3536 803 3613 doctissimus
818 3538 916 3614 illius
931 3539 1171 3616 bibliothecae
1189 3538 1404 3614 Praefectus
1421 3535 1549 3612 Drnelr

395 3656 508 3750 Cum,
533 3657 714 3758 Borgiano
741 3681 818 3732 asse
850 3661 948 3732 inter
978 3657 1152 3733 haeredes
1184 3658 1343 3760 pertita,
1375 3683 1419 3732 cr
1447 3655 1549 3730 libris

392 3775 650 3878 manmcriptis
676 3774 736 3849 alii
762 3776 952 3880 Neapolim
977 3777 1290 3878 immigrarerint,
1324 3775 1385 3850 clii
1416 3777 1550 3850 Romae

392 3895 594 3969 manserint
617 3896 656 3968 in
681 3893 845 3998 collegio·
866 3893 1155 3998 Propagandae,
1178 3893 1272 3970 forte
1298 3894 1477 3996 contigit,
1508 3908 1551 3966 ttt

296 4091 297 4096 ,
393 4009 627 4114 Neapolitani
661 4015 780 4088 sortiti
819 4015 891 4088 sint
926 4012 1070 4090 codices
1106 4007 1319 4106 historicos,
1346 4014 1551 4102 asceticos,

394 4134 611 4206 monasticos
624 4187 636 4224 ,
663 4147 700 4206 et
724 4134 956 4234 patristicos,
982 4148 1024 4206 ut
1048 4133 1175 4225 aiunt,
1201 4159 1354 4236 quorum
1376 4157 1460 4236 pars
1482 4156 1553 4202 mc·
1681 4159 1682 4162 ¹

394 4249 491 4324 xima
516 4249 636 4330 studio
661 4252 802 4356 Zodgae
829 4250 949 4326 lucem
982 4251 1053 4324 iam
1086 4248 1247 4362 viderat,
1280 4249 1432 4326 Romani
1465 4273 1551 4324 vero

397 4353 744 4444 latruni'm'codtce'i
757 4349 914 4444 Bibliccs
927 4354 1229 4460 'Thermon-fere
1243 4365 1551 4456 armamentum
