3452 5460
147 579 263 653 etiam
290 566 420 652 sonuin
443 567 755 662 servarunt3'irno
767 628 779 665 ‚
805 571 955 644 Graecis
981 570 1027 643 ab
1053 573 1203 672 antiqua
1229 599 1313 673 pro·

149 689 594 794 nuntiationepanllatim
621 687 926 782 desciscentibus,
945 687 1071 788 Copti,
1092 691 1155 790 qui
1174 689 1316 764 assidua
1389 748 1393 758 .

153 825 369 917 graecorum
395 835 477 882 cum
505 807 718 908 hominum,
750 822 830 880 tum
861 806 1040 880 librorum
1077 806 1321 883 familiaritate.

82 1021 86 1030 Ι
154 930 381 1020 utebantur,
398 951 533 999 novam
549 925 812 1025 pronuntiandi
828 925 1005 1000 rationem
1023 951 1065 997 ac
1085 927 1318 1024 potissimum

157 1047 386 1124 iotacismam
415 1042 640 1116 admiserunt
652 1097 664 1133 ,
702 1070 743 1115 ac
779 1038 1021 1144 diphthongos
1060 1042 1153 1116 male
1191 1068 1317 1118 secum

155 1177 422 1268 permutarunt
449 1159 494 1234 td
516 1158 624 1233 facile
650 1160 869 1262 intelligitur
894 1185 939 1234 ex
957 1161 1195 1263 Copticorutn
1219 1161 1316 1236 codi-

155 1311 240 1358 cum
265 1278 551 1382 orthographia,
583 1303 740 1380 quorum
768 1278 831 1352 alii
859 1280 1072 1379 antiquam,
1105 1279 1166 1362 alii
1190 1305 1323 1354 recem.

152 1401 288 1474 tiorem
302 1397 636 1500 pronuntiationem
655 1411 880 1496 sequuntur3
893 1395 990 1468 unde
1011 1397 1120 1469 etiam
1139 1422 1213 1470 non
1227 1394 1316 1472 levis

153 1517 365 1592 coniectura
390 1513 523 1589 deduci
547 1517 668 1614 potest
693 1511 739 1586 de
757 1514 894 1586 maiore
912 1513 968 1587 vel
990 1515 1131 1590 minore
1151 1513 1318 1590 codicum

157 1633 386 1735 antiquitate.

345 1923 347 1930 .
412 1873 439 1962 3
470 1893 500 1942 a.
527 1867 754 1942 Litterarum
779 1868 1053 1942 pronuntiatio.

173 2143 179 2150 ·
209 2113 230 2177 s
254 2101 352 2177 valet
375 2100 400 2175 b
412 2157 424 2196 ,
451 2099 516 2176 sed
533 2101 807 2176 vrecentioribus
824 2118 889 2177 est
914 2102 1022 2177 etiam
1045 2131 1075 2179 v.
1102 2102 1197 2178 Hinc
1216 2128 1318 2198 oapr

157 2213 272 2317 rosa,
298 2244 396 2298 orac
420 2246 564 2314 secare,
587 2220 700 2316 oao†
722 2227 806 2295 olus
812 2280 824 2317 ‚
844 2246 995 2314 castora.
1007 2227 1213 2315 exsiccari,
1231 2227 1317 2311 scri-

157 2340 297 2414 buntur
322 2321 430 2414 ctiam
452 2349 548 2428 ssepa
561 2396 574 2434 ,
589 2349 686 2436 tcto,
712 2349 802 2432 tos,
828 2349 951 2432 motta.
979 2339 1038 2412 Ob
1064 2364 1176 2414 sonus
1203 2343 1318 2416 affini·
1401 2329 1406 2337 ’

157 2473 274 2532 tatem
299 2454 532 2530 confunditur
557 2484 640 2531 cum
667 2483 712 2550 n,
739 2458 794 2530 uti
818 2466 890 2532 ‘toll
915 2459 955 2529 Z.
983 2483 1055 2560 227
1074 2456 1116 2526 (¹)
1132 2484 1201 2558 pro
1225 2484 1315 2534 rton.

157 2617 210 2634 ·-
235 2573 330 2647 Cum
348 2600 392 2671 q,
409 2574 464 2647 uti
481 2598 682 2670 cqpogou
700 2573 908 2667 Abraham,
928 2597 1069 2672 onwtttq
1092 2577 1316 2676 respondere

158 2719 229 2795 pro
254 2701 399 2786 orwtgfi.
427 2733 475 2748 -
501 2691 595 2766 Cum
621 2697 674 2794 ᾧ,
699 2693 756 2766 uti
781 2697 894 2792 Q‘lfll'
920 2695 1059 2766 mnicus
1085 2719 1153 2794 pro
1185 2704 1315 2788 cpont),

156 2809 239 2885 vide
265 2812 371 2884 Rossi
395 2810 601 2910 Etymolog.
627 2835 664 2910 p
692 2808 752 2910 57.
1321 2885 1326 2892 ,

211 2956 235 3003 r
260 2928 389 3006 littera·
406 2927 531 3029 Coptis
561 2927 685 3028 ignota
717 2917 990 3031 a'surpatur'in
1023 2926 1174 3002 vocibus
1209 2953 1315 3030 pere-

157 3047 275 3150 grinis
289 3102 301 3140 ‚
325 3049 382 3121 nti
409 3050 605 3136 ronoppo
633 3046 827 3120 Gomorra.
867 3045 926 3118 Ob
953 3070 1064 3121 sonus
1102 3047 1327 3130 affinitatem¹

157 3180 391 3268 permutator
415 3190 501 3238 cum
525 3189 548 3239 tt
559 3222 571 3259 ‚
597 3163 650 3242 sic
677 3188 765 3240 nort
783 3161 881 3238 δοκεῖ
889 3162 972 3240 ΙὸΙι.
993 3191 1042 3238 xi.
1061 3163 1127 3260 56,
1145 3191 1315 3242 tannaco

158 3281 312 3384 γέννημα
328 3281 429 3358 lale.
455 3308 540 3358 xxti.
573 3285 629 3354 18.
654 3323 700 3352 .-
717 3284 810 3356 Cam
829 3305 879 3376 n,
897 3284 950 3356 sic
968 3306 1109 3362 canore
1128 3291 1231 3358 auris
1249 3311 1317 3386 pro

159 3423 315 3478 nosne.
347 3401 450 3473 Hanc
481 3398 641 3504 litteram
673 3396 839 3472 Thebani
878 3397 1098 3500 induxerunt
1136 3403 1179 3476 in
1212 3427 1326 3488 voces,

114 3505 121 3511 ’
158 3519 328 3620 Copticas
340 3573 352 3610 ,
379 3520 522 3619 quoties
548 3515 781 3625 scribendum
812 3531 911 3590 esset
934 3543 1008 3612 nrt3
1035 3517 1120 3592 hinc
1146 3519 1223 3592 cti‘r
1249 3545 1318 3616 ego

158 3661 227 3738 pro
252 3637 345 3730 onis,
370 3637 562 3712 honorae
587 3634 790 3736 appellabis
816 3659 884 3734 pro
905 3636 1095 3712 montosae
1107 3692 1119 3729 ,
1139 3650 1249 3735 atqpe
1268 3638 1319 3722 ita

160 3751 319 3828 Sahidici
345 3779 491 3854 semper
509 3779 560 3829 nr
575 3753 745 3828 scribunt
762 3753 831 3855 pro
845 3778 911 3847 m<3
930 3754 1044 3829 semel
1058 3751 1135 3828 vidi
1149 3752 1319 3851 ffiqoae

158 3872 257 3974 Sap.¹
277 3871 351 3972 596
376 3898 445 3975 pro
469 3874 651 3969 fflqoae.
774 3943 776 3948 .
905 3939 932 3954 „
1097 3948 1099 3955 ,
1324 3951 1327 3958 ,

209 4002 232 4068 o
259 3990 384 4064 littera
408 3991 536 4092 Coptis
562 3991 685 4090 ignota
710 3987 831 4062 locum
864 3985 973 4064 habet
1002 3988 1041 4062 in
1072 3987 1226 4066 vocibus
1252 4015 1318 4092 pe·

202 4416 244 4488 (1)
261 4416 385 4487 Gophoos
401 4414 481 4478 libros
497 4414 660 4470 indicaturos
677 4411 769 4466 iisdem
787 4411 859 4480 siglis
877 4427 939 4464 usus
957 4427 1031 4476 snm,
1045 4411 1112 4484 qnas‘
1124 4413 1203 4468 eham
1214 4412 1243 4465 in
1254 4427 1312 4464 mco

167 4504 267 4560 toxico
283 4499 406 4567 adhibui,
423 4504 502 4570 atqua
519 4499 547 4552 in
565 4498 622 4552 aius
639 4496 803 4568 mactatione
822 4511 848 4564 p,
867 4509 937 4550 xxm
955 4496 1086 4551 recensui.
