3452 5458
436 401 508 498 164

431 517 615 596 volumine
642 515 808 618 Copticas
833 515 933 588 iuxta
957 538 999 586 ao
1017 509 1268 588 Samscrlticas
1294 513 1434 590 litteras
1453 515 1581 620 attigit,

433 663 519 710 cum
543 632 778 710 novatoribus
802 629 1024 726 decertavit,
1050 657 1090 704 ac
1108 631 1254 734 longam
1271 657 1358 706 cum
1375 627 1583 709 Brabmanis

431 754 683 830 velitationem
707 751 876 834 instituit
904 746 976 830 sed
996 748 1140 852 quando
1159 749 1231 824 duo
1249 747 1397 824 Colutbi
1417 753 1583 826 Miracnla

432 872 639 948 edebantur
662 873 700 944 in
718 869 864 962 lucem,
883 865 1038 944 decebat
1055 867 1101 942 de
1117 866 1236 942 incliti
1256 869 1429 974 Martyris
1446 895 1584 970 genere,

325 1041 331 1056 ·
432 1007 515 1068 ortu
527 1048 541 1088 ,
567 1004 676 1092 atque
702 1011 817 1092 agone
843 986 976 1062 dicere.
1003 985 1107 1060 Hono
1133 1001 1277 1089 partem
1298 985 1587 1094 pertractandam

432 1109 592 1212 suscepit
633 1106 754 1180 Emin.
799 1103 1005 1180 Cardinalis
1041 1103 1204 1208 Borgia,
1244 1105 1337 1206 qui,¹
1377 1105 1588 1208 conquisitis

433 1228 596 1302 omnium
619 1249 735 1327 paene
759 1223 833 1298 sive
859 1223 1023 1298 Orientis
1057 1223 1130 1298 sive
1156 1223 1311 1326 Aegypti
1340 1223 1587 1302 Ecclesiamm

432 1343 704 1436 monumentis,
729 1339 892 1417 adhibito
917 1340 1027 1419 etiam
1052 1341 1180 1416 critico
1207 1341 1246 1414 in
1271 1342 1316 1417 iis
1342 1339 1586 1416 'diiudicandis

430 1463 622 1555 acumine,
641 1445 749 1536 ⁴suam
774 1461 814 1542 in
840 1456 1046 1537 eruditione
1073 1456 1323 1561 diligentiam,
1349 1473 1387 1534 et
1413 1463 1455 1534 in
1481 1459 1584 1533 coniin

432 1579 564 1656 aiendo
595 1577 807 1676 felicitatem
843 1575 1011 1664 omnibus
1043 1575 1270 1680 approbavit.
1307 1580 1455 1671 Quanta
1483 1601 1586 1686 porro

430 1697 565 1784 laetitia
591 1695 783 1772 exultasset
806 1695 989 1770 Romanus
1013 1696 1211 1796 Princeps,
1237 1697 1268 1769 si
1288 1719 1604 1802 novameamqua

431 1817 588 1919 primam
600 1813 765 1916 Martyrii
777 1811 1040 1905 membranam,
1060 1813 1188 1917 inqua
1205 1812 1456 1912 annus,·dies‚
1475 1811 1591 1914 locus,

431 1933 572 2036 aliaque
604 1933 720 2010 sancti
750 1931 957 2008 certaminis
989 1928 1161 2004 adiuncta
1187 1931 1422 2033 produntur,
1442 1921 1589 2040 *cogno-³

432 2055 564 2134 visset!
591 2051 696 2126 Hanc
722 2076 789 2152 ego
816 2051 940 2124 inveni
966 2049 1063 2132 inter
1089 2074 1291 2151 perpaucas
1306 2107 1327 2146 ,i
1343 2073 1483 2151 easque
1502 2049 1591 2123 solu-¹

430 2185 486 2246 tas
498 2224 510 2263 ,
535 2169 743 2243 vetustioris
768 2170 847 2243 aevi
871 2165 1101 2242 membranas
1125 2167 1347 2270 Aegyptias,
1374 2193 1471 2268 quae
1494 2167 1531 2240 in
1542 2167 1583 2264 ll.

430 2287 627 2366 Parisieusi
649 2282 874 2366 Bibliotheca
900 2299 1157 2378 asservantur;
1189 2309 1275 2358 nem
1299 2287 1418 2364 ceteri
1443 2283 1584 2362 huiusce

431 2402 677 2480 Bibliothecae
703 2402 856 2478 Codices
882 2401 1025 2503 Coptici
1050 2403 1275 2480 recentiores
1301 2417 1414 2498 sunt,
1449 2430 1491 2478 ac
1514 2400 1589 2476 sere

431 2549 556 2600 ornnes
583 2520 762 2602 chartacei
787 2519 1087 2623 etxMempbitici.
1115 2522 1382 2623 Opportunum
1409 2519 1481 2595 boe
1503 2519 1591 2604 mibi

432 2643 623 2720 inventum
648 2641 842 2742 contingit,
855 2661 896 2714 ut
915 2639 1077 2714 sororiae
1094 2637 1330 2720 membranae
1344 2637 1592 2741 apographum-

432 2759 574 2836 scbedis
599 2759 752 2860 Collegii
776 2756 1036 2859 Propagandae
1060 2754 1168 2834 Fidei
1192 2757 1331 2859 optime
1363 2756 1411 2836 do
1438 2784 1497 2832 me
1519 2782 1592 2831 me-

432 2879 512 2980 ritis
537 2877 754 2969 restituam,
779 2899 949 2976 novaque
981 2876 1197 2956 auctoritate
1229 2875 1475 2950 communiam
1498 2899 1583 2980 quae
1650 2863 1652 2868 ¹

432 2995 479 3071 de
506 2997 542 3070 S.
569 2992 743 3090 Colutbo
752 2991 955 3082 cardinalis
976 2991 1119 3096 Borgia
1131 2975 1316 3068 subtiliter
1333 2977 1583 3096 disputaverat

433 3115 504 3198 Hic
529 3113 730 3210 Taurinum
756 3112 1002 3216 pertransiens
1027 3135 1087 3206 me
1104 3108 1371 3194 adolescentem
1387 3111 1594 3194 litterarum·

435 3231 672 3341 Orientalium
700 3205 833 3306 studio
845 3229 1164 3354 flagrantissimum
1188 3227 1355 3323 viderat,
1381 3253 1424 3303 ao
1441 3233 1583 3313 Romam
1624 3221 1627 3226 ¹

435 3351 647 3455 invitaverat
665 3325 912 3440 blandissimis
927 3331 1059 3429 verbis
1084 3346 1268 3452 spondens
1290 3371 1329 3422 se
1355 3347 1448 3458 mihi
1468 3339 1620 3452 patro?

436 3492 525 3552 num
548 3445 648 3560 fore;
674 3481 710 3540 at
736 3464 901 3574 quando,
927 3468 985 3550 vix
1009 3465 1132 3568 elapso
1151 3491 1302 3563 mense,
1306 3467 1414 3542 suas
1417 3489 1590 3576 measque

436 3609 520 3688 spes
544 3610 642 3698 mors
668 3585 740 3658 cita
766 3583 938 3687 abrupit,
964 3582 1054 3658 mibi
1074 3583 1203 3658 saltem
1221 3582 1330 3660 liceat
1350 3583 1449 3662 bunc
1468 3587 1592 3660 flasco·-

437 3705 540 3800 lum,
564 3720 748 3820 tamquam
774 3707 867 3806 grati
893 3704 1006 3788 animi
1037 3703 1309 3808 testimonium,
1341 3700 1420 3790 eius
1453 3702 1582 3794 tumulo

437 3827 637 3940 imponere
