3452 5460
182 557 186 676 j
244 488 248 550 ³
365 529 367 538 ’
471 521 997 694 ῬΒᾼΕΡΑΉΟ

667 867 831 886 Μ

169 2201 491 2368 Copticalinguo
509 2292 551 2342 ea
570 2265 719 2364 dicitur,
738 2292 848 2371 quam
867 2268 973 2345 nobis
990 2269 1133 2346 codices
1151 2271 1321 2376 Aegyptii

164 2384 408 2487 prodiderunt
429 2386 567 2486 graecis
585 2386 717 2462 litteris
740 2404 941 2482 exaratam3
966 2388 1027 2462 illa
1053 2391 1150 2463 enim
1178 2392 1318 2493 lingua,

165 2529 277 2603 quam
295 2529 339 2576 ex
357 2497 638 2606 hieroglyphicis
655 2507 897 2580 monumentis
919 2510 1073 2581 excitare
1091 2506 1322 2584 contendunt

163 2620 262 2696 docti
279 2621 359 2714 viri,
378 2623 510 2695 rectius
529 2621 704 2723 appellari
721 2620 831 2696 debet
841 2621 1028 2726 Aegyptia.
1043 2627 1136 2699 Cum
1152 2651 1241 2699 vero
1260 2653 1320 2699 eo-

164 2738 260 2813 dices
282 2739 426 2840 Coptici
444 2765 569 2812 omnes
593 2739 670 2814 fere
698 2739 745 2815 ad
768 2766 885 2812 unum
910 2742 947 2812 in
972 2741 1082 2815 rebus
1108 2742 1318 2818 Christianis

161 2874 372 2948 versentur,
384 2857 505 2958 lingua
523 2857 675 2958 Coptica
692 2873 817 2958 potest
835 2858 943 2932 etiam
960 2857 1105 2932 definiri
1124 2857 1197 2950 illa,
1209 2885 1318 2960 quam

161 2975 334 3076 Aegyptii
345 2990 570 3074 usurparunt
589 2991 671 3076 post
685 2978 868 3076 cognitam
885 2990 1192 3076 propagatamque
1213 2974 1317 3050 Chri-

160 3095 319 3182 stianatn¹
339 3073 561 3194 religionem.
579 3095 761 3185 Quantum
780 3093 959 3168 affinitatis
983 3095 1077 3168 inter
1095 3094 1317 3196 Aegyptium

161 3228 198 3284 et
223 3211 415 3310 Copticum
442 3237 648 3285 sermonem
673 3210 874 3287 intercedat
900 3226 985 3284 tnnc
1020 3229 1119 3288 certo
1146 3214 1316 3288 constitui

155 3329 313 3428 poterit,
341 3328 485 3429 quando
504 3326 815 3431 hieroglyphicum
832 3347 990 3431 systema
1007 3329 1147 3431 liquido
1165 3333 1211 3404 sit
1229 3355 1312 3430 per-

158 3463 332 3546 spectum.
359 3447 506 3520 Interea
531 3447 684 3521 aliarum
709 3447 920 3549 linguarum
944 3441 1166 3550 experientia
1193 3447 1313 3522 edocti
1343 3471 1344 3476 ’

156 3560 225 3638 hoc
244 3578 386 3650 tantum
404 3564 579 3664 suspicari
594 3590 784 3666 possumus
803 3567 974 3669 Copticae
993 3566 1136 3668 linguae
1156 3563 1313 3640 indolem

157 3697 265 3784 atque
291 3697 412 3783 etyma
426 3684 574 3757 omnino
588 3681 762 3758 abludere
777 3709 851 3756 non
867 3709 971 3784 posse
987 3683 1032 3756 ab
1046 3682 1189 3783 ingenio
1203 3697 1312 3783 atque

156 3799 355 3900 originibus
371 3803 741 3903 sermonisrlegyptii.
757 3799 1069 3894 Quemadmodum
1082 3800 1179 3872 enim
1191 3801 1311 3874 variae

156 3919 251 4008 Semi
277 3915 453 4015 familiae,
478 3918 565 3992 licet
588 3921 627 3991 in
651 3920 767 3994 varias
793 3919 957 3993 nationes
979 3915 1224 4018 disgregatae,
1250 3942 1310 3992 eas
1357 3988 1361 3996 .

59 4075 62 4081 ·
154 4060 301 4136 semper
324 4036 556 4124 retinuerunt
579 4035 779 4129 dialectos,
814 4063 906 4136 quae
935 4061 1046 4108 unam
1083 4030 1308 4134 eandemque

153 4179 385 4228 communem
410 4153 586 4255 originem
611 4170 831 4248 monstrent3
856 4155 913 4256 ita,
925 4145 1032 4254 Copti
1051 4152 1310 4253 Aegyptiorum

151 4285 331 4372 nepotes,
356 4271 433 4344 sola
457 4272 633 4373 religione
659 4301 679 4345 a
703 4271 901 4346 maioribus
928 4268 1161 4361 dissidentes,
1191 4267 1307 4344 diver-

155 4414 228 4479 sam
262 4389 411 4491 quidem
443 4388 892 4492 scripturamadsciscere
920 4403 1120 4493 potuerunt
1134 4445 1145 4484 ,
1172 4401 1208 4458 at
1232 4413 1308 4464 non
